Order_ID;Date;Racer_ID;Branch_ID;Product_ID;Quantity;Branch_Location;Branch_Launch_Date;Product_Model;Product_Price
ORD02304;2023-04-04 11:43:04;422310;2149;16102;6;Innsbruck;2018-11-21;Hestra Model 33;975.38
ORD02304;2023-04-04 11:43:04;422310;2149;93763;3;Innsbruck;2018-11-21;Smith Model 41;1536.41
ORD02304;2023-04-04 11:43:04;422310;2149;12200;8;Innsbruck;2018-11-21;Head Model 29;2135.68
ORD02304;2023-04-04 11:43:04;422310;2149;14499;2;Innsbruck;2018-11-21;Smith Model 24;1106.76
ORD02304;2023-04-04 11:43:04;422310;2149;43827;3;Innsbruck;2018-11-21;Giro Model 13;615.47
ORD02305;2020-03-19 22:25:36;104468;4346;64045;7;Zurich;2017-04-03;Rossignol Model 33;1365.36
ORD02305;2020-03-19 22:25:36;104468;4346;83969;5;Zurich;2017-04-03;One Way Model 9;523.95
ORD02305;2020-03-19 22:25:36;104468;4346;86820;10;Zurich;2017-04-03;Leki Model 39;1168.75
ORD02306;2019-06-09 21:47:24;512269;7859;86820;7;Oslo;2016-05-16;Leki Model 39;1168.75
ORD02306;2019-06-09 21:47:24;512269;7859;83744;5;Oslo;2016-05-16;Giro Model 44;1910.69
ORD02307;2023-06-27 18:36:21;151238;2149;48467;5;Innsbruck;2018-11-21;Kaestle Model 33;2975.57
ORD02307;2023-06-27 18:36:21;151238;2149;93763;1;Innsbruck;2018-11-21;Smith Model 41;1536.41
ORD02308;2017-01-09 03:32:29;422707;4950;45222;10;Denver;2015-07-09;Stoeckli Model 24;3663.69
ORD02308;2017-01-09 03:32:29;422707;4950;33483;6;Denver;2015-07-09;Nordica Model 7;1414.99
ORD02308;2017-01-09 03:32:29;422707;4950;42745;4;Denver;2015-07-09;Atomic Model 31;-98233.68
ORD02308;2017-01-09 03:32:29;422707;4950;54262;4;Denver;2015-07-09;Leki Model 33;908.2
ORD02309;2020-11-02 00:55:04;54445;7859;93104;8;Oslo;2016-05-16;Nordica Model 12;1417.48
ORD02309;2020-11-02 00:55:04;54445;7859;54131;1;Oslo;2016-05-16;Smith Model 40;1562.11
ORD02309;2020-11-02 00:55:04;54445;7859;12693;4;Oslo;2016-05-16;Nordica Model 28;4214.69
ORD02310;2019-10-24 00:50:42;350097;4950;76557;3;Denver;2015-07-09;One Way Model 6;811.91
ORD02310;2019-10-24 00:50:42;350097;4950;46212;1;Denver;2015-07-09;Burton Model 6;1055.24
ORD02310;2019-10-24 00:50:42;350097;4950;36736;10;Denver;2015-07-09;Hestra Model 2;1254.02
ORD02311;2018-12-02 13:01:50;561310;2149;16776;7;Innsbruck;2018-11-21;POC Model 13;-98208.9
ORD02311;2018-12-02 13:01:50;561310;2149;90038;10;Innsbruck;2018-11-21;Hestra Model 18;1923.33
ORD02311;2018-12-02 13:01:50;561310;2149;99912;10;Innsbruck;2018-11-21;One Way Model 36;1697.44
ORD02311;2018-12-02 13:01:50;561310;2149;54262;3;Innsbruck;2018-11-21;Leki Model 33;908.2
ORD02311;2018-12-02 13:01:50;561310;2149;76803;4;Innsbruck;2018-11-21;Leki Model 3;1789.91
ORD02312;2020-07-10 10:28:55;104539;7859;13748;9;Oslo;2016-05-16;Giro Model 33;679.8
ORD02312;2020-07-10 10:28:55;104539;7859;13561;9;Oslo;2016-05-16;Giro Model 39;1476.62
ORD02313;2018-08-04 15:35:17;194364;4950;20965;7;Denver;2015-07-09;One Way Model 27;1341.87
ORD02313;2018-08-04 15:35:17;194364;4950;64045;5;Denver;2015-07-09;Rossignol Model 33;1365.36
ORD02313;2018-08-04 15:35:17;194364;4950;76557;1;Denver;2015-07-09;One Way Model 6;811.91
ORD02313;2018-08-04 15:35:17;194364;4950;12200;7;Denver;2015-07-09;Head Model 29;2135.68
ORD02313;2018-08-04 15:35:17;194364;4950;43827;1;Denver;2015-07-09;Giro Model 13;615.47
ORD02314;2020-12-28 12:58:18;6190176;4346;70713;4;Zurich;2017-04-03;Salomon Model 35;842.83
ORD02315;2015-09-22 08:06:27;54371;4950;80313;4;Denver;2015-07-09;Kaestle Model 6;2213.06
ORD02316;2019-12-21 19:58:20;54445;2149;39299;7;Innsbruck;2018-11-21;Stoeckli Model 11;4742.54
ORD02316;2019-12-21 19:58:20;54445;2149;92798;9;Innsbruck;2018-11-21;Burton Model 24;1035.13
ORD02316;2019-12-21 19:58:20;54445;2149;75318;5;Innsbruck;2018-11-21;One Way Model 2;1568.41
ORD02316;2019-12-21 19:58:20;54445;2149;36309;10;Innsbruck;2018-11-21;Burton Model 32;1389.05
ORD02316;2019-12-21 19:58:20;54445;2149;75318;10;Innsbruck;2018-11-21;One Way Model 2;1568.41
ORD02317;2019-07-13 10:17:46;54005;2149;65766;9;Innsbruck;2018-11-21;Leki Model 15;1063.37
ORD02317;2019-07-13 10:17:46;54005;2149;99912;10;Innsbruck;2018-11-21;One Way Model 36;1697.44
ORD02317;2019-07-13 10:17:46;54005;2149;18571;6;Innsbruck;2018-11-21;One Way Model 45;711.39
ORD02317;2019-07-13 10:17:46;54005;2149;76803;8;Innsbruck;2018-11-21;Leki Model 3;1789.91
ORD02317;2019-07-13 10:17:46;54005;2149;36309;9;Innsbruck;2018-11-21;Burton Model 32;1389.05
ORD02318;2019-09-15 04:28:36;512182;7859;64384;3;Oslo;2016-05-16;Kaestle Model 49;2015.66
ORD02318;2019-09-15 04:28:36;512182;7859;90038;1;Oslo;2016-05-16;Hestra Model 18;1923.33
ORD02319;2019-02-22 03:35:05;512408;4950;32299;3;Denver;2015-07-09;Smith Model 2;1436.53
ORD02320;2017-06-21 18:38:02;202762;4950;52107;2;Denver;2015-07-09;Atomic Model 6;3783.25
ORD02320;2017-06-21 18:38:02;202762;4950;32399;4;Denver;2015-07-09;One Way Model 8;1773.84
ORD02320;2017-06-21 18:38:02;202762;4950;88069;9;Denver;2015-07-09;Atomic Model 48;3211.28
ORD02321;2017-10-09 16:24:55;54628;4346;58925;6;Zurich;2017-04-03;One Way Model 11;986.52
ORD02321;2017-10-09 16:24:55;54628;4346;69150;10;Zurich;2017-04-03;One Way Model 47;1427.58
ORD02321;2017-10-09 16:24:55;54628;4346;75733;5;Zurich;2017-04-03;One Way Model 22;1303.66
ORD02321;2017-10-09 16:24:55;54628;4346;16655;5;Zurich;2017-04-03;Stoeckli Model 46;4183.17
ORD02321;2017-10-09 16:24:55;54628;4346;13748;3;Zurich;2017-04-03;Giro Model 33;679.8
ORD02322;2024-08-15 08:48:13;6190176;2149;99789;1;Innsbruck;2018-11-21;Leki Model 40;1766.8
ORD02323;2021-09-21 09:31:15;990081;2149;88069;6;Innsbruck;2018-11-21;Atomic Model 48;3211.28
ORD02324;2016-07-15 07:57:27;194298;4950;13748;10;Denver;2015-07-09;Giro Model 33;679.8
ORD02324;2016-07-15 07:57:27;194298;4950;90038;10;Denver;2015-07-09;Hestra Model 18;1923.33
ORD02324;2016-07-15 07:57:27;194298;4950;29830;2;Denver;2015-07-09;POC Model 22;865.98
ORD02324;2016-07-15 07:57:27;194298;4950;60015;5;Denver;2015-07-09;Outdoor Research Model 39;1213.06
ORD02325;2020-08-09 00:52:19;422278;4346;62921;3;Zurich;2017-04-03;Salomon Model 22;1386.25
ORD02325;2020-08-09 00:52:19;422278;4346;69150;2;Zurich;2017-04-03;One Way Model 47;1427.58
ORD02325;2020-08-09 00:52:19;422278;4346;42745;9;Zurich;2017-04-03;Atomic Model 31;-98233.68
ORD02326;2018-10-09 04:54:55;194364;7859;58925;6;Oslo;2016-05-16;One Way Model 11;986.52
ORD02326;2018-10-09 04:54:55;194364;7859;46212;2;Oslo;2016-05-16;Burton Model 6;1055.24
ORD02326;2018-10-09 04:54:55;194364;7859;70713;5;Oslo;2016-05-16;Salomon Model 35;842.83
ORD02326;2018-10-09 04:54:55;194364;7859;16910;9;Oslo;2016-05-16;Burton Model 14;1240.69
ORD02326;2018-10-09 04:54:55;194364;7859;54064;1;Oslo;2016-05-16;Stoeckli Model 48;1374.7
ORD02326;2018-10-09 04:54:55;194364;7859;62921;1;Oslo;2016-05-16;Salomon Model 22;1386.25
ORD02327;2017-10-08 00:20:47;6293445;7859;12200;6;Oslo;2016-05-16;Head Model 29;2135.68
ORD02327;2017-10-08 00:20:47;6293445;7859;42745;5;Oslo;2016-05-16;Atomic Model 31;-98233.68
ORD02327;2017-10-08 00:20:47;6293445;7859;69735;5;Oslo;2016-05-16;Burton Model 44;1907.83
ORD02328;2019-07-28 20:13:08;194364;7859;86820;3;Oslo;2016-05-16;Leki Model 39;1168.75
ORD02328;2019-07-28 20:13:08;194364;7859;52107;4;Oslo;2016-05-16;Atomic Model 6;3783.25
ORD02328;2019-07-28 20:13:08;194364;7859;64045;1;Oslo;2016-05-16;Rossignol Model 33;1365.36
ORD02329;2023-02-13 07:38:25;501987;4346;54262;6;Zurich;2017-04-03;Leki Model 33;908.2
ORD02329;2023-02-13 07:38:25;501987;4346;69735;2;Zurich;2017-04-03;Burton Model 44;1907.83
ORD02330;2016-02-29 04:29:29;512269;4950;48467;1;Denver;2015-07-09;Kaestle Model 33;2975.57
ORD02330;2016-02-29 04:29:29;512269;4950;93763;7;Denver;2015-07-09;Smith Model 41;1536.41
ORD02330;2016-02-29 04:29:29;512269;4950;42606;2;Denver;2015-07-09;Fischer Model 48;989.81
ORD02330;2016-02-29 04:29:29;512269;4950;16655;3;Denver;2015-07-09;Stoeckli Model 46;4183.17
ORD02330;2016-02-29 04:29:29;512269;4950;64384;2;Denver;2015-07-09;Kaestle Model 49;2015.66
ORD02330;2016-02-29 04:29:29;512269;4950;64384;2;Denver;2015-07-09;Kaestle Model 49;2015.66
ORD02331;2020-02-03 18:33:51;511896;7859;64384;1;Oslo;2016-05-16;Kaestle Model 49;2015.66
ORD02331;2020-02-03 18:33:51;511896;7859;43827;7;Oslo;2016-05-16;Giro Model 13;615.47
ORD02331;2020-02-03 18:33:51;511896;7859;39855;1;Oslo;2016-05-16;Leki Model 9;918.31
ORD02331;2020-02-03 18:33:51;511896;7859;35658;4;Oslo;2016-05-16;Hestra Model 42;570.0
ORD02331;2020-02-03 18:33:51;511896;7859;33483;8;Oslo;2016-05-16;Nordica Model 7;1414.99
ORD02331;2020-02-03 18:33:51;511896;7859;18571;10;Oslo;2016-05-16;One Way Model 45;711.39
ORD02332;2017-06-10 01:05:52;422310;4346;28711;3;Zurich;2017-04-03;Nordica Model 29;2712.74
ORD02332;2017-06-10 01:05:52;422310;4346;45222;7;Zurich;2017-04-03;Stoeckli Model 24;3663.69
ORD02332;2017-06-10 01:05:52;422310;4346;16655;6;Zurich;2017-04-03;Stoeckli Model 46;4183.17
ORD02332;2017-06-10 01:05:52;422310;4346;92798;8;Zurich;2017-04-03;Burton Model 24;1035.13
ORD02333;2020-03-23 02:31:02;501987;4950;97054;2;Denver;2015-07-09;Salomon Model 26;1101.68
ORD02333;2020-03-23 02:31:02;501987;4950;86213;10;Denver;2015-07-09;Outdoor Research Model 8;1446.71
ORD02333;2020-03-23 02:31:02;501987;4950;39855;3;Denver;2015-07-09;Leki Model 9;918.31
ORD02333;2020-03-23 02:31:02;501987;4950;13561;5;Denver;2015-07-09;Giro Model 39;1476.62
ORD02334;2020-04-13 05:00:04;512228;7859;76557;10;Oslo;2016-05-16;One Way Model 6;811.91
ORD02334;2020-04-13 05:00:04;512228;7859;82082;2;Oslo;2016-05-16;Smith Model 26;-98731.86
ORD02335;2022-04-13 08:25:56;54609;4346;93763;9;Zurich;2017-04-03;Smith Model 41;1536.41
ORD02335;2022-04-13 08:25:56;54609;4346;12869;1;Zurich;2017-04-03;Fischer Model 35;1477.94
ORD02336;2021-12-31 16:34:51;422278;7859;93763;8;Oslo;2016-05-16;Smith Model 41;1536.41
ORD02337;2017-05-15 13:58:55;512228;7859;76803;3;Oslo;2016-05-16;Leki Model 3;1789.91
ORD02337;2017-05-15 13:58:55;512228;7859;45222;2;Oslo;2016-05-16;Stoeckli Model 24;3663.69
ORD02337;2017-05-15 13:58:55;512228;7859;64384;3;Oslo;2016-05-16;Kaestle Model 49;2015.66
ORD02337;2017-05-15 13:58:55;512228;7859;99789;9;Oslo;2016-05-16;Leki Model 40;1766.8
ORD02337;2017-05-15 13:58:55;512228;7859;60015;10;Oslo;2016-05-16;Outdoor Research Model 39;1213.06
ORD02337;2017-05-15 13:58:55;512228;7859;75318;9;Oslo;2016-05-16;One Way Model 2;1568.41
ORD02338;2017-08-06 11:24:16;194167;4346;19692;4;Zurich;2017-04-03;One Way Model 18;1662.7
ORD02338;2017-08-06 11:24:16;194167;4346;18110;4;Zurich;2017-04-03;Giro Model 14;1773.37
ORD02338;2017-08-06 11:24:16;194167;4346;33483;3;Zurich;2017-04-03;Nordica Model 7;1414.99
ORD02338;2017-08-06 11:24:16;194167;4346;58984;4;Zurich;2017-04-03;Hestra Model 7;1135.1
ORD02338;2017-08-06 11:24:16;194167;4346;54262;8;Zurich;2017-04-03;Leki Model 33;908.2
ORD02338;2017-08-06 11:24:16;194167;4346;36736;1;Zurich;2017-04-03;Hestra Model 2;1254.02
ORD02339;2019-09-27 19:25:33;6532123;4950;54064;8;Denver;2015-07-09;Stoeckli Model 48;1374.7
ORD02339;2019-09-27 19:25:33;6532123;4950;54064;6;Denver;2015-07-09;Stoeckli Model 48;1374.7
ORD02340;2021-12-31 05:54:47;512471;4346;93104;8;Zurich;2017-04-03;Nordica Model 12;1417.48
ORD02340;2021-12-31 05:54:47;512471;4346;12200;9;Zurich;2017-04-03;Head Model 29;2135.68
ORD02340;2021-12-31 05:54:47;512471;4346;69735;3;Zurich;2017-04-03;Burton Model 44;1907.83
ORD02340;2021-12-31 05:54:47;512471;4346;32299;8;Zurich;2017-04-03;Smith Model 2;1436.53
ORD02340;2021-12-31 05:54:47;512471;4346;13748;8;Zurich;2017-04-03;Giro Model 33;679.8
ORD02341;2016-07-29 03:14:05;6190176;7859;39855;9;Oslo;2016-05-16;Leki Model 9;918.31
ORD02341;2016-07-29 03:14:05;6190176;7859;28711;8;Oslo;2016-05-16;Nordica Model 29;2712.74
ORD02341;2016-07-29 03:14:05;6190176;7859;16910;3;Oslo;2016-05-16;Burton Model 14;1240.69
ORD02341;2016-07-29 03:14:05;6190176;7859;52107;5;Oslo;2016-05-16;Atomic Model 6;3783.25
ORD02342;2021-04-30 19:32:19;202762;7859;76557;1;Oslo;2016-05-16;One Way Model 6;811.91
ORD02342;2021-04-30 19:32:19;202762;7859;42606;6;Oslo;2016-05-16;Fischer Model 48;989.81
ORD02342;2021-04-30 19:32:19;202762;7859;44766;4;Oslo;2016-05-16;One Way Model 32;1278.19
ORD02342;2021-04-30 19:32:19;202762;7859;62921;3;Oslo;2016-05-16;Salomon Model 22;1386.25
ORD02343;2022-11-02 09:04:22;53980;4346;33483;2;Zurich;2017-04-03;Nordica Model 7;1414.99
ORD02343;2022-11-02 09:04:22;53980;4346;19692;8;Zurich;2017-04-03;One Way Model 18;1662.7
ORD02344;2020-01-18 04:08:16;6190176;7859;83969;8;Oslo;2016-05-16;One Way Model 9;523.95
ORD02345;2023-04-13 11:49:13;6190179;2149;16655;9;Innsbruck;2018-11-21;Stoeckli Model 46;4183.17
ORD02346;2020-09-02 00:39:21;151238;7859;29830;8;Oslo;2016-05-16;POC Model 22;865.98
ORD02346;2020-09-02 00:39:21;151238;7859;45920;9;Oslo;2016-05-16;POC Model 36;773.35
ORD02346;2020-09-02 00:39:21;151238;7859;42606;3;Oslo;2016-05-16;Fischer Model 48;989.81
ORD02347;2019-04-01 12:41:24;104531;2149;58984;8;Innsbruck;2018-11-21;Hestra Model 7;1135.1
ORD02347;2019-04-01 12:41:24;104531;2149;88069;7;Innsbruck;2018-11-21;Atomic Model 48;3211.28
ORD02347;2019-04-01 12:41:24;104531;2149;42606;3;Innsbruck;2018-11-21;Fischer Model 48;989.81
ORD02347;2019-04-01 12:41:24;104531;2149;64384;1;Innsbruck;2018-11-21;Kaestle Model 49;2015.66
ORD02347;2019-04-01 12:41:24;104531;2149;45222;1;Innsbruck;2018-11-21;Stoeckli Model 24;3663.69
ORD02347;2019-04-01 12:41:24;104531;2149;18110;1;Innsbruck;2018-11-21;Giro Model 14;1773.37
ORD02348;2022-09-21 20:39:39;930024;4346;39855;7;Zurich;2017-04-03;Leki Model 9;918.31
ORD02348;2022-09-21 20:39:39;930024;4346;39855;6;Zurich;2017-04-03;Leki Model 9;918.31
ORD02349;2022-12-01 19:14:46;511852;2149;90356;1;Innsbruck;2018-11-21;Burton Model 23;1406.63
ORD02349;2022-12-01 19:14:46;511852;2149;97054;4;Innsbruck;2018-11-21;Salomon Model 26;1101.68
ORD02349;2022-12-01 19:14:46;511852;2149;90356;6;Innsbruck;2018-11-21;Burton Model 23;1406.63
ORD02350;2019-11-09 00:03:21;512471;4346;28711;10;Zurich;2017-04-03;Nordica Model 29;2712.74
ORD02350;2019-11-09 00:03:21;512471;4346;35658;10;Zurich;2017-04-03;Hestra Model 42;570.0
ORD02350;2019-11-09 00:03:21;512471;4346;64384;4;Zurich;2017-04-03;Kaestle Model 49;2015.66
ORD02350;2019-11-09 00:03:21;512471;4346;14499;8;Zurich;2017-04-03;Smith Model 24;1106.76
ORD02350;2019-11-09 00:03:21;512471;4346;99789;8;Zurich;2017-04-03;Leki Model 40;1766.8
ORD02351;2015-11-15 18:50:35;151238;4950;13748;10;Denver;2015-07-09;Giro Model 33;679.8
ORD02351;2015-11-15 18:50:35;151238;4950;22688;5;Denver;2015-07-09;Smith Model 38;1051.67
ORD02351;2015-11-15 18:50:35;151238;4950;43159;10;Denver;2015-07-09;Giro Model 35;1685.26
ORD02351;2015-11-15 18:50:35;151238;4950;64384;6;Denver;2015-07-09;Kaestle Model 49;2015.66
ORD02351;2015-11-15 18:50:35;151238;4950;88069;7;Denver;2015-07-09;Atomic Model 48;3211.28
ORD02352;2022-05-13 07:17:24;54481;7859;29830;4;Oslo;2016-05-16;POC Model 22;865.98
ORD02352;2022-05-13 07:17:24;54481;7859;16102;5;Oslo;2016-05-16;Hestra Model 33;975.38
ORD02352;2022-05-13 07:17:24;54481;7859;44766;8;Oslo;2016-05-16;One Way Model 32;1278.19
ORD02353;2021-08-26 21:50:28;6292783;7859;80313;8;Oslo;2016-05-16;Kaestle Model 6;2213.06
ORD02353;2021-08-26 21:50:28;6292783;7859;65680;6;Oslo;2016-05-16;Hestra Model 19;1521.06
ORD02353;2021-08-26 21:50:28;6292783;7859;45920;7;Oslo;2016-05-16;POC Model 36;773.35
ORD02353;2021-08-26 21:50:28;6292783;7859;86820;5;Oslo;2016-05-16;Leki Model 39;1168.75
ORD02354;2019-09-03 22:56:00;54481;7859;50764;6;Oslo;2016-05-16;Nordica Model 48;2123.09
ORD02354;2019-09-03 22:56:00;54481;7859;12200;3;Oslo;2016-05-16;Head Model 29;2135.68
ORD02354;2019-09-03 22:56:00;54481;7859;36736;5;Oslo;2016-05-16;Hestra Model 2;1254.02
ORD02354;2019-09-03 22:56:00;54481;7859;93763;9;Oslo;2016-05-16;Smith Model 41;1536.41
ORD02355;2017-07-28 08:34:51;194364;4346;18110;10;Zurich;2017-04-03;Giro Model 14;1773.37
ORD02355;2017-07-28 08:34:51;194364;4346;16655;6;Zurich;2017-04-03;Stoeckli Model 46;4183.17
ORD02355;2017-07-28 08:34:51;194364;4346;54131;7;Zurich;2017-04-03;Smith Model 40;1562.11
ORD02355;2017-07-28 08:34:51;194364;4346;54262;1;Zurich;2017-04-03;Leki Model 33;908.2
ORD02356;2020-12-22 18:53:23;104531;2149;18110;7;Innsbruck;2018-11-21;Giro Model 14;1773.37
ORD02356;2020-12-22 18:53:23;104531;2149;14499;6;Innsbruck;2018-11-21;Smith Model 24;1106.76
ORD02356;2020-12-22 18:53:23;104531;2149;58925;1;Innsbruck;2018-11-21;One Way Model 11;986.52
ORD02356;2020-12-22 18:53:23;104531;2149;90356;6;Innsbruck;2018-11-21;Burton Model 23;1406.63
ORD02357;2020-06-16 16:06:16;512228;7859;70713;4;Oslo;2016-05-16;Salomon Model 35;842.83
ORD02357;2020-06-16 16:06:16;512228;7859;50764;8;Oslo;2016-05-16;Nordica Model 48;2123.09
ORD02358;2022-01-26 12:29:22;511852;4346;39855;8;Zurich;2017-04-03;Leki Model 9;918.31
ORD02359;2020-01-23 15:39:18;6291053;2149;58984;1;Innsbruck;2018-11-21;Hestra Model 7;1135.1
ORD02359;2020-01-23 15:39:18;6291053;2149;80313;3;Innsbruck;2018-11-21;Kaestle Model 6;2213.06
ORD02359;2020-01-23 15:39:18;6291053;2149;93763;2;Innsbruck;2018-11-21;Smith Model 41;1536.41
ORD02359;2020-01-23 15:39:18;6291053;2149;28711;6;Innsbruck;2018-11-21;Nordica Model 29;2712.74
ORD02359;2020-01-23 15:39:18;6291053;2149;64384;3;Innsbruck;2018-11-21;Kaestle Model 49;2015.66
ORD02359;2020-01-23 15:39:18;6291053;2149;50764;4;Innsbruck;2018-11-21;Nordica Model 48;2123.09
ORD02360;2017-05-27 06:02:31;6532084;4346;33483;10;Zurich;2017-04-03;Nordica Model 7;1414.99
ORD02360;2017-05-27 06:02:31;6532084;4346;54262;1;Zurich;2017-04-03;Leki Model 33;908.2
ORD02360;2017-05-27 06:02:31;6532084;4346;12200;2;Zurich;2017-04-03;Head Model 29;2135.68
ORD02360;2017-05-27 06:02:31;6532084;4346;76803;8;Zurich;2017-04-03;Leki Model 3;1789.91
ORD02360;2017-05-27 06:02:31;6532084;4346;46212;9;Zurich;2017-04-03;Burton Model 6;1055.24
ORD02361;2023-10-16 07:53:56;194298;2149;76235;3;Innsbruck;2018-11-21;Outdoor Research Model 33;613.02
ORD02361;2023-10-16 07:53:56;194298;2149;90038;2;Innsbruck;2018-11-21;Hestra Model 18;1923.33
ORD02361;2023-10-16 07:53:56;194298;2149;16776;8;Innsbruck;2018-11-21;POC Model 13;-98208.9
ORD02362;2023-01-22 04:53:20;990081;2149;42606;7;Innsbruck;2018-11-21;Fischer Model 48;989.81
ORD02362;2023-01-22 04:53:20;990081;2149;11802;2;Innsbruck;2018-11-21;Atomic Model 28;1602.82
ORD02362;2023-01-22 04:53:20;990081;2149;76803;10;Innsbruck;2018-11-21;Leki Model 3;1789.91
ORD02362;2023-01-22 04:53:20;990081;2149;76803;1;Innsbruck;2018-11-21;Leki Model 3;1789.91
ORD02363;2021-05-23 03:28:59;6531444;2149;54131;1;Innsbruck;2018-11-21;Smith Model 40;1562.11
ORD02363;2021-05-23 03:28:59;6531444;2149;93763;5;Innsbruck;2018-11-21;Smith Model 41;1536.41
ORD02363;2021-05-23 03:28:59;6531444;2149;43159;10;Innsbruck;2018-11-21;Giro Model 35;1685.26
ORD02363;2021-05-23 03:28:59;6531444;2149;54131;3;Innsbruck;2018-11-21;Smith Model 40;1562.11
ORD02363;2021-05-23 03:28:59;6531444;2149;76557;4;Innsbruck;2018-11-21;One Way Model 6;811.91
ORD02364;2022-06-06 19:57:21;203096;4346;20965;1;Zurich;2017-04-03;One Way Model 27;1341.87
ORD02364;2022-06-06 19:57:21;203096;4346;99912;8;Zurich;2017-04-03;One Way Model 36;1697.44
ORD02364;2022-06-06 19:57:21;203096;4346;54064;7;Zurich;2017-04-03;Stoeckli Model 48;1374.7
ORD02364;2022-06-06 19:57:21;203096;4346;42606;9;Zurich;2017-04-03;Fischer Model 48;989.81
ORD02364;2022-06-06 19:57:21;203096;4346;36736;2;Zurich;2017-04-03;Hestra Model 2;1254.02
ORD02365;2022-02-17 21:42:45;194167;4346;93104;10;Zurich;2017-04-03;Nordica Model 12;1417.48
ORD02366;2018-07-29 10:05:17;6530104;7859;36309;4;Oslo;2016-05-16;Burton Model 32;1389.05
ORD02366;2018-07-29 10:05:17;6530104;7859;65680;6;Oslo;2016-05-16;Hestra Model 19;1521.06
ORD02366;2018-07-29 10:05:17;6530104;7859;54262;1;Oslo;2016-05-16;Leki Model 33;908.2
ORD02366;2018-07-29 10:05:17;6530104;7859;44766;9;Oslo;2016-05-16;One Way Model 32;1278.19
ORD02366;2018-07-29 10:05:17;6530104;7859;65766;7;Oslo;2016-05-16;Leki Model 15;1063.37
ORD02367;2022-01-19 05:26:39;51215;7859;76557;9;Oslo;2016-05-16;One Way Model 6;811.91
ORD02367;2022-01-19 05:26:39;51215;7859;39299;7;Oslo;2016-05-16;Stoeckli Model 11;4742.54
ORD02367;2022-01-19 05:26:39;51215;7859;33483;1;Oslo;2016-05-16;Nordica Model 7;1414.99
ORD02367;2022-01-19 05:26:39;51215;7859;16910;5;Oslo;2016-05-16;Burton Model 14;1240.69
ORD02367;2022-01-19 05:26:39;51215;7859;64045;10;Oslo;2016-05-16;Rossignol Model 33;1365.36
ORD02368;2020-03-02 00:50:52;422310;7859;13748;3;Oslo;2016-05-16;Giro Model 33;679.8
ORD02368;2020-03-02 00:50:52;422310;7859;16910;5;Oslo;2016-05-16;Burton Model 14;1240.69
ORD02368;2020-03-02 00:50:52;422310;7859;45920;8;Oslo;2016-05-16;POC Model 36;773.35
ORD02368;2020-03-02 00:50:52;422310;7859;45920;4;Oslo;2016-05-16;POC Model 36;773.35
ORD02368;2020-03-02 00:50:52;422310;7859;54064;7;Oslo;2016-05-16;Stoeckli Model 48;1374.7
ORD02368;2020-03-02 00:50:52;422310;7859;63351;2;Oslo;2016-05-16;One Way Model 20;1371.03
ORD02369;2019-04-23 19:18:34;54445;4346;64045;2;Zurich;2017-04-03;Rossignol Model 33;1365.36
ORD02369;2019-04-23 19:18:34;54445;4346;60993;10;Zurich;2017-04-03;Fischer Model 25;1417.27
ORD02369;2019-04-23 19:18:34;54445;4346;28711;5;Zurich;2017-04-03;Nordica Model 29;2712.74
ORD02369;2019-04-23 19:18:34;54445;4346;60993;9;Zurich;2017-04-03;Fischer Model 25;1417.27
ORD02370;2017-06-02 10:39:41;512269;4346;18110;7;Zurich;2017-04-03;Giro Model 14;1773.37
ORD02371;2022-04-26 11:43:50;54628;2149;76557;3;Innsbruck;2018-11-21;One Way Model 6;811.91
ORD02371;2022-04-26 11:43:50;54628;2149;75733;1;Innsbruck;2018-11-21;One Way Model 22;1303.66
ORD02372;2021-06-01 14:11:15;194364;4346;90038;5;Zurich;2017-04-03;Hestra Model 18;1923.33
ORD02373;2019-03-13 07:24:17;54005;4346;76557;10;Zurich;2017-04-03;One Way Model 6;811.91
ORD02373;2019-03-13 07:24:17;54005;4346;16910;10;Zurich;2017-04-03;Burton Model 14;1240.69
ORD02373;2019-03-13 07:24:17;54005;4346;92798;7;Zurich;2017-04-03;Burton Model 24;1035.13
ORD02373;2019-03-13 07:24:17;54005;4346;18571;7;Zurich;2017-04-03;One Way Model 45;711.39
ORD02373;2019-03-13 07:24:17;54005;4346;16910;5;Zurich;2017-04-03;Burton Model 14;1240.69
ORD02374;2017-04-15 20:06:08;511852;7859;11802;8;Oslo;2016-05-16;Atomic Model 28;1602.82
ORD02374;2017-04-15 20:06:08;511852;7859;54064;7;Oslo;2016-05-16;Stoeckli Model 48;1374.7
ORD02374;2017-04-15 20:06:08;511852;7859;75318;3;Oslo;2016-05-16;One Way Model 2;1568.41
ORD02374;2017-04-15 20:06:08;511852;7859;58984;10;Oslo;2016-05-16;Hestra Model 7;1135.1
ORD02374;2017-04-15 20:06:08;511852;7859;18571;8;Oslo;2016-05-16;One Way Model 45;711.39
ORD02374;2017-04-15 20:06:08;511852;7859;29830;2;Oslo;2016-05-16;POC Model 22;865.98
ORD02375;2019-05-22 22:43:38;934643;2149;99789;8;Innsbruck;2018-11-21;Leki Model 40;1766.8
ORD02375;2019-05-22 22:43:38;934643;2149;93104;6;Innsbruck;2018-11-21;Nordica Model 12;1417.48
ORD02375;2019-05-22 22:43:38;934643;2149;18110;2;Innsbruck;2018-11-21;Giro Model 14;1773.37
ORD02376;2021-03-22 11:01:54;990081;4346;36309;2;Zurich;2017-04-03;Burton Model 32;1389.05
ORD02376;2021-03-22 11:01:54;990081;4346;43827;7;Zurich;2017-04-03;Giro Model 13;615.47
ORD02376;2021-03-22 11:01:54;990081;4346;19692;2;Zurich;2017-04-03;One Way Model 18;1662.7
ORD02376;2021-03-22 11:01:54;990081;4346;12693;3;Zurich;2017-04-03;Nordica Model 28;4214.69
ORD02376;2021-03-22 11:01:54;990081;4346;75318;4;Zurich;2017-04-03;One Way Model 2;1568.41
ORD02377;2017-12-03 11:56:15;6530104;4346;12869;9;Zurich;2017-04-03;Fischer Model 35;1477.94
ORD02377;2017-12-03 11:56:15;6530104;4346;33483;9;Zurich;2017-04-03;Nordica Model 7;1414.99
ORD02377;2017-12-03 11:56:15;6530104;4346;35658;1;Zurich;2017-04-03;Hestra Model 42;570.0
ORD02377;2017-12-03 11:56:15;6530104;4346;70713;3;Zurich;2017-04-03;Salomon Model 35;842.83
ORD02377;2017-12-03 11:56:15;6530104;4346;52107;8;Zurich;2017-04-03;Atomic Model 6;3783.25
ORD02377;2017-12-03 11:56:15;6530104;4346;43827;2;Zurich;2017-04-03;Giro Model 13;615.47
ORD02378;2016-04-26 15:00:52;511896;4950;60993;1;Denver;2015-07-09;Fischer Model 25;1417.27
ORD02378;2016-04-26 15:00:52;511896;4950;16102;10;Denver;2015-07-09;Hestra Model 33;975.38
ORD02378;2016-04-26 15:00:52;511896;4950;44766;5;Denver;2015-07-09;One Way Model 32;1278.19
ORD02378;2016-04-26 15:00:52;511896;4950;22688;6;Denver;2015-07-09;Smith Model 38;1051.67
ORD02378;2016-04-26 15:00:52;511896;4950;75318;8;Denver;2015-07-09;One Way Model 2;1568.41
ORD02378;2016-04-26 15:00:52;511896;4950;50764;8;Denver;2015-07-09;Nordica Model 48;2123.09
ORD02379;2020-12-31 07:19:28;6190687;2149;50764;6;Innsbruck;2018-11-21;Nordica Model 48;2123.09
ORD02379;2020-12-31 07:19:28;6190687;2149;99912;2;Innsbruck;2018-11-21;One Way Model 36;1697.44
ORD02380;2022-06-27 05:04:04;512038;4346;63351;7;Zurich;2017-04-03;One Way Model 20;1371.03
ORD02381;2020-02-10 16:58:41;54157;4346;16776;2;Zurich;2017-04-03;POC Model 13;-98208.9
ORD02381;2020-02-10 16:58:41;54157;4346;64045;1;Zurich;2017-04-03;Rossignol Model 33;1365.36
ORD02381;2020-02-10 16:58:41;54157;4346;69735;3;Zurich;2017-04-03;Burton Model 44;1907.83
ORD02382;2022-07-19 04:33:10;54157;9342;12869;3;Milan;2025-01-01;Fischer Model 35;1477.94
ORD02382;2022-07-19 04:33:10;54157;9342;90356;9;Milan;2025-01-01;Burton Model 23;1406.63
ORD02382;2022-07-19 04:33:10;54157;9342;76235;9;Milan;2025-01-01;Outdoor Research Model 33;613.02
ORD02382;2022-07-19 04:33:10;54157;9342;65766;10;Milan;2025-01-01;Leki Model 15;1063.37
ORD02383;2021-02-19 01:23:59;291459;4346;64384;8;Zurich;2017-04-03;Kaestle Model 49;2015.66
ORD02384;2021-05-22 05:36:59;422707;2149;11802;5;Innsbruck;2018-11-21;Atomic Model 28;1602.82
ORD02384;2021-05-22 05:36:59;422707;2149;62921;1;Innsbruck;2018-11-21;Salomon Model 22;1386.25
ORD02385;2017-03-29 18:57:02;501987;7859;12869;8;Oslo;2016-05-16;Fischer Model 35;1477.94
ORD02385;2017-03-29 18:57:02;501987;7859;36736;1;Oslo;2016-05-16;Hestra Model 2;1254.02
ORD02385;2017-03-29 18:57:02;501987;7859;69150;8;Oslo;2016-05-16;One Way Model 47;1427.58
ORD02385;2017-03-29 18:57:02;501987;7859;12695;8;Oslo;2016-05-16;Kaestle Model 24;1056.32
ORD02385;2017-03-29 18:57:02;501987;7859;54064;9;Oslo;2016-05-16;Stoeckli Model 48;1374.7
ORD02386;2023-08-03 09:35:26;6291625;2149;64384;7;Innsbruck;2018-11-21;Kaestle Model 49;2015.66
ORD02387;2021-10-10 22:41:09;6291625;2149;12693;5;Innsbruck;2018-11-21;Nordica Model 28;4214.69
ORD02387;2021-10-10 22:41:09;6291625;2149;43827;7;Innsbruck;2018-11-21;Giro Model 13;615.47
ORD02388;2017-12-25 11:38:01;422278;7859;19692;1;Oslo;2016-05-16;One Way Model 18;1662.7
ORD02388;2017-12-25 11:38:01;422278;7859;18571;8;Oslo;2016-05-16;One Way Model 45;711.39
ORD02389;2018-03-21 15:05:18;422310;7859;43827;7;Oslo;2016-05-16;Giro Model 13;615.47
ORD02389;2018-03-21 15:05:18;422310;7859;99912;9;Oslo;2016-05-16;One Way Model 36;1697.44
ORD02389;2018-03-21 15:05:18;422310;7859;50764;5;Oslo;2016-05-16;Nordica Model 48;2123.09
ORD02389;2018-03-21 15:05:18;422310;7859;18392;4;Oslo;2016-05-16;Leki Model 8;1174.18
ORD02389;2018-03-21 15:05:18;422310;7859;43159;4;Oslo;2016-05-16;Giro Model 35;1685.26
ORD02390;2019-03-22 11:21:16;6293831;7859;33483;6;Oslo;2016-05-16;Nordica Model 7;1414.99
ORD02390;2019-03-22 11:21:16;6293831;7859;46212;6;Oslo;2016-05-16;Burton Model 6;1055.24
ORD02390;2019-03-22 11:21:16;6293831;7859;26371;4;Oslo;2016-05-16;Atomic Model 49;862.78
ORD02391;2021-09-16 10:32:05;293006;2149;12693;3;Innsbruck;2018-11-21;Nordica Model 28;4214.69
ORD02391;2021-09-16 10:32:05;293006;2149;16655;10;Innsbruck;2018-11-21;Stoeckli Model 46;4183.17
ORD02391;2021-09-16 10:32:05;293006;2149;16910;2;Innsbruck;2018-11-21;Burton Model 14;1240.69
ORD02391;2021-09-16 10:32:05;293006;2149;82082;2;Innsbruck;2018-11-21;Smith Model 26;-98731.86
ORD02392;2015-08-16 14:54:28;512408;4950;90356;4;Denver;2015-07-09;Burton Model 23;1406.63
ORD02392;2015-08-16 14:54:28;512408;4950;12693;2;Denver;2015-07-09;Nordica Model 28;4214.69
ORD02392;2015-08-16 14:54:28;512408;4950;93763;4;Denver;2015-07-09;Smith Model 41;1536.41
ORD02393;2021-08-05 20:46:15;512182;2149;54064;4;Innsbruck;2018-11-21;Stoeckli Model 48;1374.7
ORD02393;2021-08-05 20:46:15;512182;2149;69150;3;Innsbruck;2018-11-21;One Way Model 47;1427.58
ORD02393;2021-08-05 20:46:15;512182;2149;48467;5;Innsbruck;2018-11-21;Kaestle Model 33;2975.57
ORD02394;2020-06-12 05:14:33;104531;2149;86213;3;Innsbruck;2018-11-21;Outdoor Research Model 8;1446.71
ORD02395;2022-03-17 14:43:15;53975;4346;97054;8;Zurich;2017-04-03;Salomon Model 26;1101.68
ORD02395;2022-03-17 14:43:15;53975;4346;29830;9;Zurich;2017-04-03;POC Model 22;865.98
ORD02395;2022-03-17 14:43:15;53975;4346;18571;5;Zurich;2017-04-03;One Way Model 45;711.39
ORD02395;2022-03-17 14:43:15;53975;4346;90038;2;Zurich;2017-04-03;Hestra Model 18;1923.33
ORD02396;2016-06-21 11:52:23;511852;4950;29830;10;Denver;2015-07-09;POC Model 22;865.98
ORD02396;2016-06-21 11:52:23;511852;4950;69735;4;Denver;2015-07-09;Burton Model 44;1907.83
ORD02396;2016-06-21 11:52:23;511852;4950;82082;9;Denver;2015-07-09;Smith Model 26;-98731.86
ORD02397;2022-01-30 08:37:47;561310;4346;29830;6;Zurich;2017-04-03;POC Model 22;865.98
ORD02397;2022-01-30 08:37:47;561310;4346;54131;8;Zurich;2017-04-03;Smith Model 40;1562.11
ORD02397;2022-01-30 08:37:47;561310;4346;88069;1;Zurich;2017-04-03;Atomic Model 48;3211.28
ORD02397;2022-01-30 08:37:47;561310;4346;88069;5;Zurich;2017-04-03;Atomic Model 48;3211.28
ORD02398;2020-03-05 14:30:37;6190179;7859;12693;9;Oslo;2016-05-16;Nordica Model 28;4214.69
ORD02398;2020-03-05 14:30:37;6190179;7859;58925;6;Oslo;2016-05-16;One Way Model 11;986.52
ORD02399;2017-11-02 18:23:40;6532084;4346;18571;9;Zurich;2017-04-03;One Way Model 45;711.39
ORD02399;2017-11-02 18:23:40;6532084;4346;82082;6;Zurich;2017-04-03;Smith Model 26;-98731.86
ORD02399;2017-11-02 18:23:40;6532084;4346;43159;1;Zurich;2017-04-03;Giro Model 35;1685.26
ORD02400;2021-12-19 00:01:32;501987;7859;58925;9;Oslo;2016-05-16;One Way Model 11;986.52
ORD02400;2021-12-19 00:01:32;501987;7859;62921;1;Oslo;2016-05-16;Salomon Model 22;1386.25
ORD02401;2015-10-06 13:57:49;512038;4950;99789;2;Denver;2015-07-09;Leki Model 40;1766.8
ORD02401;2015-10-06 13:57:49;512038;4950;75733;1;Denver;2015-07-09;One Way Model 22;1303.66
ORD02401;2015-10-06 13:57:49;512038;4950;16655;3;Denver;2015-07-09;Stoeckli Model 46;4183.17
ORD02401;2015-10-06 13:57:49;512038;4950;69150;9;Denver;2015-07-09;One Way Model 47;1427.58
ORD02401;2015-10-06 13:57:49;512038;4950;69150;9;Denver;2015-07-09;One Way Model 47;1427.58
ORD02401;2015-10-06 13:57:49;512038;4950;12693;9;Denver;2015-07-09;Nordica Model 28;4214.69
ORD02402;2021-07-12 19:46:58;151238;7859;76803;4;Oslo;2016-05-16;Leki Model 3;1789.91
ORD02402;2021-07-12 19:46:58;151238;7859;93104;6;Oslo;2016-05-16;Nordica Model 12;1417.48
ORD02403;2018-10-27 02:40:59;51215;7859;42606;2;Oslo;2016-05-16;Fischer Model 48;989.81
ORD02403;2018-10-27 02:40:59;51215;7859;76557;7;Oslo;2016-05-16;One Way Model 6;811.91
ORD02404;2019-02-22 18:57:18;6190687;4950;12200;4;Denver;2015-07-09;Head Model 29;2135.68
ORD02405;2024-05-02 17:18:21;561310;2149;44766;8;Innsbruck;2018-11-21;One Way Model 32;1278.19
ORD02405;2024-05-02 17:18:21;561310;2149;54064;3;Innsbruck;2018-11-21;Stoeckli Model 48;1374.7
ORD02406;2015-08-12 21:14:32;194364;4950;76803;1;Denver;2015-07-09;Leki Model 3;1789.91
ORD02406;2015-08-12 21:14:32;194364;4950;32299;10;Denver;2015-07-09;Smith Model 2;1436.53
ORD02406;2015-08-12 21:14:32;194364;4950;86213;8;Denver;2015-07-09;Outdoor Research Model 8;1446.71
ORD02407;2019-04-26 19:59:23;934643;4950;26371;1;Denver;2015-07-09;Atomic Model 49;862.78
ORD02407;2019-04-26 19:59:23;934643;4950;39855;9;Denver;2015-07-09;Leki Model 9;918.31
ORD02407;2019-04-26 19:59:23;934643;4950;13748;10;Denver;2015-07-09;Giro Model 33;679.8
ORD02407;2019-04-26 19:59:23;934643;4950;28711;2;Denver;2015-07-09;Nordica Model 29;2712.74
ORD02408;2017-08-01 18:57:53;53980;4950;76557;3;Denver;2015-07-09;One Way Model 6;811.91
ORD02408;2017-08-01 18:57:53;53980;4950;58984;8;Denver;2015-07-09;Hestra Model 7;1135.1
ORD02409;2023-02-18 15:29:22;293006;4346;36309;2;Zurich;2017-04-03;Burton Model 32;1389.05
ORD02409;2023-02-18 15:29:22;293006;4346;44766;5;Zurich;2017-04-03;One Way Model 32;1278.19
ORD02410;2018-04-18 14:13:55;202762;4346;54131;7;Zurich;2017-04-03;Smith Model 40;1562.11
ORD02410;2018-04-18 14:13:55;202762;4346;46631;1;Zurich;2017-04-03;POC Model 32;1506.72
ORD02410;2018-04-18 14:13:55;202762;4346;60015;2;Zurich;2017-04-03;Outdoor Research Model 39;1213.06
ORD02410;2018-04-18 14:13:55;202762;4346;16776;5;Zurich;2017-04-03;POC Model 13;-98208.9
ORD02411;2018-01-28 22:46:30;501987;4346;45920;10;Zurich;2017-04-03;POC Model 36;773.35
ORD02411;2018-01-28 22:46:30;501987;4346;76235;6;Zurich;2017-04-03;Outdoor Research Model 33;613.02
ORD02411;2018-01-28 22:46:30;501987;4346;42606;10;Zurich;2017-04-03;Fischer Model 48;989.81
ORD02411;2018-01-28 22:46:30;501987;4346;33483;9;Zurich;2017-04-03;Nordica Model 7;1414.99
ORD02412;2022-03-07 10:11:00;422707;4346;48467;6;Zurich;2017-04-03;Kaestle Model 33;2975.57
ORD02412;2022-03-07 10:11:00;422707;4346;60015;9;Zurich;2017-04-03;Outdoor Research Model 39;1213.06
ORD02412;2022-03-07 10:11:00;422707;4346;44766;5;Zurich;2017-04-03;One Way Model 32;1278.19
ORD02412;2022-03-07 10:11:00;422707;4346;65766;5;Zurich;2017-04-03;Leki Model 15;1063.37
ORD02413;2022-04-24 14:14:05;6292783;4346;86213;4;Zurich;2017-04-03;Outdoor Research Model 8;1446.71
ORD02413;2022-04-24 14:14:05;6292783;4346;80313;2;Zurich;2017-04-03;Kaestle Model 6;2213.06
ORD02413;2022-04-24 14:14:05;6292783;4346;60993;5;Zurich;2017-04-03;Fischer Model 25;1417.27
ORD02413;2022-04-24 14:14:05;6292783;4346;43159;10;Zurich;2017-04-03;Giro Model 35;1685.26
ORD02414;2017-10-17 04:52:58;104537;4346;42745;1;Zurich;2017-04-03;Atomic Model 31;-98233.68
ORD02414;2017-10-17 04:52:58;104537;4346;39855;10;Zurich;2017-04-03;Leki Model 9;918.31
ORD02414;2017-10-17 04:52:58;104537;4346;43159;5;Zurich;2017-04-03;Giro Model 35;1685.26
ORD02415;2016-09-18 01:24:49;194298;7859;90356;9;Oslo;2016-05-16;Burton Model 23;1406.63
ORD02415;2016-09-18 01:24:49;194298;7859;75318;8;Oslo;2016-05-16;One Way Model 2;1568.41
ORD02415;2016-09-18 01:24:49;194298;7859;22688;2;Oslo;2016-05-16;Smith Model 38;1051.67
ORD02416;2021-07-15 12:51:15;202926;4950;26371;10;Denver;2015-07-09;Atomic Model 49;862.78
ORD02416;2021-07-15 12:51:15;202926;4950;90038;2;Denver;2015-07-09;Hestra Model 18;1923.33
ORD02416;2021-07-15 12:51:15;202926;4950;86820;7;Denver;2015-07-09;Leki Model 39;1168.75
ORD02416;2021-07-15 12:51:15;202926;4950;90038;6;Denver;2015-07-09;Hestra Model 18;1923.33
ORD02417;2021-10-30 17:17:16;512269;7859;16910;8;Oslo;2016-05-16;Burton Model 14;1240.69
ORD02417;2021-10-30 17:17:16;512269;7859;93763;8;Oslo;2016-05-16;Smith Model 41;1536.41
ORD02418;2022-05-10 13:03:32;151238;4346;86820;3;Zurich;2017-04-03;Leki Model 39;1168.75
ORD02418;2022-05-10 13:03:32;151238;4346;32299;5;Zurich;2017-04-03;Smith Model 2;1436.53
ORD02418;2022-05-10 13:03:32;151238;4346;11802;5;Zurich;2017-04-03;Atomic Model 28;1602.82
ORD02419;2020-01-07 05:08:32;512038;4346;65680;9;Zurich;2017-04-03;Hestra Model 19;1521.06
ORD02419;2020-01-07 05:08:32;512038;4346;11802;9;Zurich;2017-04-03;Atomic Model 28;1602.82
ORD02419;2020-01-07 05:08:32;512038;4346;62921;9;Zurich;2017-04-03;Salomon Model 22;1386.25
ORD02419;2020-01-07 05:08:32;512038;4346;16655;4;Zurich;2017-04-03;Stoeckli Model 46;4183.17
ORD02419;2020-01-07 05:08:32;512038;4346;93104;6;Zurich;2017-04-03;Nordica Model 12;1417.48
ORD02419;2020-01-07 05:08:32;512038;4346;12695;6;Zurich;2017-04-03;Kaestle Model 24;1056.32
ORD02420;2019-02-10 22:18:44;511896;7859;16655;1;Oslo;2016-05-16;Stoeckli Model 46;4183.17
ORD02420;2019-02-10 22:18:44;511896;7859;63351;7;Oslo;2016-05-16;One Way Model 20;1371.03
ORD02420;2019-02-10 22:18:44;511896;7859;99789;1;Oslo;2016-05-16;Leki Model 40;1766.8
ORD02420;2019-02-10 22:18:44;511896;7859;65766;10;Oslo;2016-05-16;Leki Model 15;1063.37
ORD02420;2019-02-10 22:18:44;511896;7859;20729;5;Oslo;2016-05-16;Head Model 2;983.83
ORD02421;2022-12-26 00:48:31;422310;2149;16776;6;Innsbruck;2018-11-21;POC Model 13;-98208.9
ORD02421;2022-12-26 00:48:31;422310;2149;45920;3;Innsbruck;2018-11-21;POC Model 36;773.35
ORD02421;2022-12-26 00:48:31;422310;2149;88069;10;Innsbruck;2018-11-21;Atomic Model 48;3211.28
ORD02421;2022-12-26 00:48:31;422310;2149;28711;9;Innsbruck;2018-11-21;Nordica Model 29;2712.74
ORD02421;2022-12-26 00:48:31;422310;2149;69735;5;Innsbruck;2018-11-21;Burton Model 44;1907.83
ORD02422;2021-09-14 20:28:25;6532084;7859;18110;5;Oslo;2016-05-16;Giro Model 14;1773.37
ORD02422;2021-09-14 20:28:25;6532084;7859;11802;5;Oslo;2016-05-16;Atomic Model 28;1602.82
ORD02423;2018-02-06 22:05:45;422278;4950;22688;5;Denver;2015-07-09;Smith Model 38;1051.67
ORD02423;2018-02-06 22:05:45;422278;4950;45222;7;Denver;2015-07-09;Stoeckli Model 24;3663.69
ORD02423;2018-02-06 22:05:45;422278;4950;93763;5;Denver;2015-07-09;Smith Model 41;1536.41
ORD02424;2020-07-09 10:50:14;291459;4950;16102;5;Denver;2015-07-09;Hestra Model 33;975.38
ORD02425;2024-02-19 03:47:52;203096;2149;14499;3;Innsbruck;2018-11-21;Smith Model 24;1106.76
ORD02425;2024-02-19 03:47:52;203096;2149;90038;10;Innsbruck;2018-11-21;Hestra Model 18;1923.33
ORD02425;2024-02-19 03:47:52;203096;2149;13748;2;Innsbruck;2018-11-21;Giro Model 33;679.8
ORD02425;2024-02-19 03:47:52;203096;2149;54131;1;Innsbruck;2018-11-21;Smith Model 40;1562.11
ORD02425;2024-02-19 03:47:52;203096;2149;62921;4;Innsbruck;2018-11-21;Salomon Model 22;1386.25
ORD02425;2024-02-19 03:47:52;203096;2149;16655;7;Innsbruck;2018-11-21;Stoeckli Model 46;4183.17
ORD02426;2021-07-23 06:55:48;194364;4950;36309;10;Denver;2015-07-09;Burton Model 32;1389.05
ORD02426;2021-07-23 06:55:48;194364;4950;12869;4;Denver;2015-07-09;Fischer Model 35;1477.94
ORD02426;2021-07-23 06:55:48;194364;4950;16102;6;Denver;2015-07-09;Hestra Model 33;975.38
ORD02426;2021-07-23 06:55:48;194364;4950;76803;6;Denver;2015-07-09;Leki Model 3;1789.91
ORD02426;2021-07-23 06:55:48;194364;4950;86820;8;Denver;2015-07-09;Leki Model 39;1168.75
ORD02427;2022-05-13 22:21:53;930024;7859;13561;6;Oslo;2016-05-16;Giro Model 39;1476.62
ORD02427;2022-05-13 22:21:53;930024;7859;83969;10;Oslo;2016-05-16;One Way Model 9;523.95
ORD02427;2022-05-13 22:21:53;930024;7859;83969;10;Oslo;2016-05-16;One Way Model 9;523.95
ORD02428;2022-05-24 15:48:25;194858;7859;44766;4;Oslo;2016-05-16;One Way Model 32;1278.19
ORD02428;2022-05-24 15:48:25;194858;7859;26371;8;Oslo;2016-05-16;Atomic Model 49;862.78
ORD02428;2022-05-24 15:48:25;194858;7859;12695;4;Oslo;2016-05-16;Kaestle Model 24;1056.32
ORD02428;2022-05-24 15:48:25;194858;7859;29830;7;Oslo;2016-05-16;POC Model 22;865.98
ORD02428;2022-05-24 15:48:25;194858;7859;99912;9;Oslo;2016-05-16;One Way Model 36;1697.44
ORD02429;2020-05-17 17:04:46;6532123;7859;70713;3;Oslo;2016-05-16;Salomon Model 35;842.83
ORD02429;2020-05-17 17:04:46;6532123;7859;58925;7;Oslo;2016-05-16;One Way Model 11;986.52
ORD02429;2020-05-17 17:04:46;6532123;7859;13561;1;Oslo;2016-05-16;Giro Model 39;1476.62
ORD02429;2020-05-17 17:04:46;6532123;7859;18392;5;Oslo;2016-05-16;Leki Model 8;1174.18
ORD02430;2020-08-31 08:13:12;512228;2149;48467;9;Innsbruck;2018-11-21;Kaestle Model 33;2975.57
ORD02430;2020-08-31 08:13:12;512228;2149;54131;3;Innsbruck;2018-11-21;Smith Model 40;1562.11
ORD02430;2020-08-31 08:13:12;512228;2149;76803;5;Innsbruck;2018-11-21;Leki Model 3;1789.91
ORD02431;2019-02-08 23:59:45;54628;7859;12695;4;Oslo;2016-05-16;Kaestle Model 24;1056.32
ORD02431;2019-02-08 23:59:45;54628;7859;36309;7;Oslo;2016-05-16;Burton Model 32;1389.05
ORD02432;2016-06-25 03:02:08;501987;4950;90038;1;Denver;2015-07-09;Hestra Model 18;1923.33
ORD02432;2016-06-25 03:02:08;501987;4950;46631;9;Denver;2015-07-09;POC Model 32;1506.72
ORD02432;2016-06-25 03:02:08;501987;4950;16102;1;Denver;2015-07-09;Hestra Model 33;975.38
ORD02432;2016-06-25 03:02:08;501987;4950;29830;2;Denver;2015-07-09;POC Model 22;865.98
ORD02432;2016-06-25 03:02:08;501987;4950;29830;5;Denver;2015-07-09;POC Model 22;865.98
ORD02433;2020-04-08 17:02:53;512182;4950;75733;10;Denver;2015-07-09;One Way Model 22;1303.66
ORD02433;2020-04-08 17:02:53;512182;4950;69735;6;Denver;2015-07-09;Burton Model 44;1907.83
ORD02433;2020-04-08 17:02:53;512182;4950;46631;2;Denver;2015-07-09;POC Model 32;1506.72
ORD02433;2020-04-08 17:02:53;512182;4950;75733;2;Denver;2015-07-09;One Way Model 22;1303.66
ORD02433;2020-04-08 17:02:53;512182;4950;16776;2;Denver;2015-07-09;POC Model 13;-98208.9
ORD02434;2019-07-13 03:04:12;6532084;4950;32299;9;Denver;2015-07-09;Smith Model 2;1436.53
ORD02434;2019-07-13 03:04:12;6532084;4950;12200;10;Denver;2015-07-09;Head Model 29;2135.68
ORD02434;2019-07-13 03:04:12;6532084;4950;64045;9;Denver;2015-07-09;Rossignol Model 33;1365.36
ORD02434;2019-07-13 03:04:12;6532084;4950;12200;1;Denver;2015-07-09;Head Model 29;2135.68
ORD02434;2019-07-13 03:04:12;6532084;4950;92798;8;Denver;2015-07-09;Burton Model 24;1035.13
ORD02434;2019-07-13 03:04:12;6532084;4950;69735;7;Denver;2015-07-09;Burton Model 44;1907.83
ORD02435;2019-09-26 19:39:55;104708;4950;46212;9;Denver;2015-07-09;Burton Model 6;1055.24
ORD02435;2019-09-26 19:39:55;104708;4950;43827;5;Denver;2015-07-09;Giro Model 13;615.47
ORD02435;2019-09-26 19:39:55;104708;4950;46631;6;Denver;2015-07-09;POC Model 32;1506.72
ORD02435;2019-09-26 19:39:55;104708;4950;88069;7;Denver;2015-07-09;Atomic Model 48;3211.28
ORD02435;2019-09-26 19:39:55;104708;4950;12693;1;Denver;2015-07-09;Nordica Model 28;4214.69
ORD02435;2019-09-26 19:39:55;104708;4950;92798;6;Denver;2015-07-09;Burton Model 24;1035.13
ORD02436;2016-10-31 22:49:44;203096;4950;28711;9;Denver;2015-07-09;Nordica Model 29;2712.74
ORD02436;2016-10-31 22:49:44;203096;4950;54131;9;Denver;2015-07-09;Smith Model 40;1562.11
ORD02436;2016-10-31 22:49:44;203096;4950;60993;1;Denver;2015-07-09;Fischer Model 25;1417.27
ORD02436;2016-10-31 22:49:44;203096;4950;16655;3;Denver;2015-07-09;Stoeckli Model 46;4183.17
ORD02436;2016-10-31 22:49:44;203096;4950;14499;7;Denver;2015-07-09;Smith Model 24;1106.76
ORD02437;2017-03-22 05:34:21;6293831;7859;22688;6;Oslo;2016-05-16;Smith Model 38;1051.67
ORD02437;2017-03-22 05:34:21;6293831;7859;29830;5;Oslo;2016-05-16;POC Model 22;865.98
ORD02438;2017-01-19 09:37:17;350095;4950;52107;3;Denver;2015-07-09;Atomic Model 6;3783.25
ORD02438;2017-01-19 09:37:17;350095;4950;43827;8;Denver;2015-07-09;Giro Model 13;615.47
ORD02438;2017-01-19 09:37:17;350095;4950;43827;6;Denver;2015-07-09;Giro Model 13;615.47
ORD02438;2017-01-19 09:37:17;350095;4950;76235;7;Denver;2015-07-09;Outdoor Research Model 33;613.02
ORD02439;2016-08-10 20:34:01;54609;4950;54131;3;Denver;2015-07-09;Smith Model 40;1562.11
ORD02440;2021-11-07 09:24:01;54609;7859;18110;6;Oslo;2016-05-16;Giro Model 14;1773.37
ORD02440;2021-11-07 09:24:01;54609;7859;58925;4;Oslo;2016-05-16;One Way Model 11;986.52
ORD02440;2021-11-07 09:24:01;54609;7859;42606;1;Oslo;2016-05-16;Fischer Model 48;989.81
ORD02440;2021-11-07 09:24:01;54609;7859;63351;4;Oslo;2016-05-16;One Way Model 20;1371.03
ORD02441;2021-10-04 12:52:33;293006;2149;90038;5;Innsbruck;2018-11-21;Hestra Model 18;1923.33
ORD02442;2020-10-05 12:59:11;6293831;7859;12693;4;Oslo;2016-05-16;Nordica Model 28;4214.69
ORD02443;2017-06-09 10:01:59;6530104;7859;45222;3;Oslo;2016-05-16;Stoeckli Model 24;3663.69
ORD02443;2017-06-09 10:01:59;6530104;7859;32299;3;Oslo;2016-05-16;Smith Model 2;1436.53
ORD02443;2017-06-09 10:01:59;6530104;7859;35658;3;Oslo;2016-05-16;Hestra Model 42;570.0
ORD02443;2017-06-09 10:01:59;6530104;7859;54262;10;Oslo;2016-05-16;Leki Model 33;908.2
ORD02444;2019-02-21 23:14:08;194873;4346;83969;3;Zurich;2017-04-03;One Way Model 9;523.95
ORD02444;2019-02-21 23:14:08;194873;4346;13561;9;Zurich;2017-04-03;Giro Model 39;1476.62
ORD02444;2019-02-21 23:14:08;194873;4346;60015;3;Zurich;2017-04-03;Outdoor Research Model 39;1213.06
ORD02444;2019-02-21 23:14:08;194873;4346;76803;1;Zurich;2017-04-03;Leki Model 3;1789.91
ORD02444;2019-02-21 23:14:08;194873;4346;93104;4;Zurich;2017-04-03;Nordica Model 12;1417.48
ORD02444;2019-02-21 23:14:08;194873;4346;36736;1;Zurich;2017-04-03;Hestra Model 2;1254.02
ORD02445;2017-10-05 03:59:37;561255;4950;26371;5;Denver;2015-07-09;Atomic Model 49;862.78
ORD02445;2017-10-05 03:59:37;561255;4950;50764;3;Denver;2015-07-09;Nordica Model 48;2123.09
ORD02445;2017-10-05 03:59:37;561255;4950;76803;6;Denver;2015-07-09;Leki Model 3;1789.91
ORD02445;2017-10-05 03:59:37;561255;4950;42606;7;Denver;2015-07-09;Fischer Model 48;989.81
ORD02445;2017-10-05 03:59:37;561255;4950;35658;7;Denver;2015-07-09;Hestra Model 42;570.0
ORD02446;2018-05-27 14:20:09;512182;7859;32399;8;Oslo;2016-05-16;One Way Model 8;1773.84
ORD02446;2018-05-27 14:20:09;512182;7859;75318;5;Oslo;2016-05-16;One Way Model 2;1568.41
ORD02446;2018-05-27 14:20:09;512182;7859;46212;5;Oslo;2016-05-16;Burton Model 6;1055.24
ORD02446;2018-05-27 14:20:09;512182;7859;39299;2;Oslo;2016-05-16;Stoeckli Model 11;4742.54
ORD02446;2018-05-27 14:20:09;512182;7859;52107;4;Oslo;2016-05-16;Atomic Model 6;3783.25
ORD02447;2019-03-03 10:20:51;293006;4346;12200;5;Zurich;2017-04-03;Head Model 29;2135.68
ORD02448;2020-09-19 15:59:17;6293831;7859;14499;6;Oslo;2016-05-16;Smith Model 24;1106.76
ORD02448;2020-09-19 15:59:17;6293831;7859;36309;5;Oslo;2016-05-16;Burton Model 32;1389.05
ORD02449;2016-08-28 16:55:08;6190687;7859;65680;1;Oslo;2016-05-16;Hestra Model 19;1521.06
ORD02450;2019-06-10 09:49:57;422310;7859;29830;8;Oslo;2016-05-16;POC Model 22;865.98
ORD02450;2019-06-10 09:49:57;422310;7859;13561;7;Oslo;2016-05-16;Giro Model 39;1476.62
ORD02450;2019-06-10 09:49:57;422310;7859;54262;8;Oslo;2016-05-16;Leki Model 33;908.2
ORD02450;2019-06-10 09:49:57;422310;7859;54064;6;Oslo;2016-05-16;Stoeckli Model 48;1374.7
ORD02450;2019-06-10 09:49:57;422310;7859;88069;1;Oslo;2016-05-16;Atomic Model 48;3211.28
ORD02451;2021-03-12 11:00:22;422310;4346;90038;8;Zurich;2017-04-03;Hestra Model 18;1923.33
ORD02451;2021-03-12 11:00:22;422310;4346;22688;1;Zurich;2017-04-03;Smith Model 38;1051.67
ORD02451;2021-03-12 11:00:22;422310;4346;39855;8;Zurich;2017-04-03;Leki Model 9;918.31
ORD02451;2021-03-12 11:00:22;422310;4346;20965;1;Zurich;2017-04-03;One Way Model 27;1341.87
ORD02451;2021-03-12 11:00:22;422310;4346;35658;4;Zurich;2017-04-03;Hestra Model 42;570.0
ORD02452;2020-12-15 19:14:18;6531520;7859;76803;3;Oslo;2016-05-16;Leki Model 3;1789.91
ORD02452;2020-12-15 19:14:18;6531520;7859;60015;3;Oslo;2016-05-16;Outdoor Research Model 39;1213.06
ORD02452;2020-12-15 19:14:18;6531520;7859;32399;5;Oslo;2016-05-16;One Way Model 8;1773.84
ORD02452;2020-12-15 19:14:18;6531520;7859;35658;6;Oslo;2016-05-16;Hestra Model 42;570.0
ORD02452;2020-12-15 19:14:18;6531520;7859;90038;10;Oslo;2016-05-16;Hestra Model 18;1923.33
ORD02452;2020-12-15 19:14:18;6531520;7859;64384;1;Oslo;2016-05-16;Kaestle Model 49;2015.66
ORD02453;2019-11-21 16:35:03;54157;4346;80313;9;Zurich;2017-04-03;Kaestle Model 6;2213.06
ORD02453;2019-11-21 16:35:03;54157;4346;65680;9;Zurich;2017-04-03;Hestra Model 19;1521.06
ORD02454;2017-05-20 09:20:35;104537;7859;76557;8;Oslo;2016-05-16;One Way Model 6;811.91
ORD02454;2017-05-20 09:20:35;104537;7859;54131;6;Oslo;2016-05-16;Smith Model 40;1562.11
ORD02454;2017-05-20 09:20:35;104537;7859;19692;5;Oslo;2016-05-16;One Way Model 18;1662.7
ORD02454;2017-05-20 09:20:35;104537;7859;12693;2;Oslo;2016-05-16;Nordica Model 28;4214.69
ORD02454;2017-05-20 09:20:35;104537;7859;45920;10;Oslo;2016-05-16;POC Model 36;773.35
ORD02454;2017-05-20 09:20:35;104537;7859;99789;1;Oslo;2016-05-16;Leki Model 40;1766.8
ORD02455;2020-12-29 07:58:13;104537;7859;18392;4;Oslo;2016-05-16;Leki Model 8;1174.18
ORD02456;2017-05-24 16:55:20;104272;4950;12693;7;Denver;2015-07-09;Nordica Model 28;4214.69
ORD02456;2017-05-24 16:55:20;104272;4950;75318;1;Denver;2015-07-09;One Way Model 2;1568.41
ORD02456;2017-05-24 16:55:20;104272;4950;76557;9;Denver;2015-07-09;One Way Model 6;811.91
ORD02456;2017-05-24 16:55:20;104272;4950;93763;2;Denver;2015-07-09;Smith Model 41;1536.41
ORD02457;2016-03-20 21:21:42;6291053;4950;18392;2;Denver;2015-07-09;Leki Model 8;1174.18
ORD02457;2016-03-20 21:21:42;6291053;4950;54131;5;Denver;2015-07-09;Smith Model 40;1562.11
ORD02457;2016-03-20 21:21:42;6291053;4950;14499;2;Denver;2015-07-09;Smith Model 24;1106.76
ORD02458;2020-02-24 21:42:36;54005;2149;86213;1;Innsbruck;2018-11-21;Outdoor Research Model 8;1446.71
ORD02458;2020-02-24 21:42:36;54005;2149;12869;3;Innsbruck;2018-11-21;Fischer Model 35;1477.94
ORD02458;2020-02-24 21:42:36;54005;2149;50764;6;Innsbruck;2018-11-21;Nordica Model 48;2123.09
ORD02458;2020-02-24 21:42:36;54005;2149;12695;7;Innsbruck;2018-11-21;Kaestle Model 24;1056.32
ORD02459;2018-08-16 07:41:57;930024;4950;92798;8;Denver;2015-07-09;Burton Model 24;1035.13
ORD02460;2018-08-30 00:03:39;561310;4346;83744;10;Zurich;2017-04-03;Giro Model 44;1910.69
ORD02460;2018-08-30 00:03:39;561310;4346;33483;5;Zurich;2017-04-03;Nordica Model 7;1414.99
ORD02460;2018-08-30 00:03:39;561310;4346;82082;7;Zurich;2017-04-03;Smith Model 26;-98731.86
ORD02460;2018-08-30 00:03:39;561310;4346;97054;2;Zurich;2017-04-03;Salomon Model 26;1101.68
ORD02460;2018-08-30 00:03:39;561310;4346;65680;9;Zurich;2017-04-03;Hestra Model 19;1521.06
ORD02461;2016-05-17 21:11:16;422278;4950;80313;9;Denver;2015-07-09;Kaestle Model 6;2213.06
ORD02461;2016-05-17 21:11:16;422278;4950;54262;5;Denver;2015-07-09;Leki Model 33;908.2
ORD02461;2016-05-17 21:11:16;422278;4950;43159;3;Denver;2015-07-09;Giro Model 35;1685.26
ORD02461;2016-05-17 21:11:16;422278;4950;46631;8;Denver;2015-07-09;POC Model 32;1506.72
ORD02461;2016-05-17 21:11:16;422278;4950;32399;4;Denver;2015-07-09;One Way Model 8;1773.84
ORD02461;2016-05-17 21:11:16;422278;4950;93104;4;Denver;2015-07-09;Nordica Model 12;1417.48
ORD02462;2016-12-28 04:37:20;194298;7859;63351;8;Oslo;2016-05-16;One Way Model 20;1371.03
ORD02462;2016-12-28 04:37:20;194298;7859;13561;10;Oslo;2016-05-16;Giro Model 39;1476.62
ORD02462;2016-12-28 04:37:20;194298;7859;64384;4;Oslo;2016-05-16;Kaestle Model 49;2015.66
ORD02462;2016-12-28 04:37:20;194298;7859;29830;9;Oslo;2016-05-16;POC Model 22;865.98
ORD02462;2016-12-28 04:37:20;194298;7859;52107;4;Oslo;2016-05-16;Atomic Model 6;3783.25
ORD02462;2016-12-28 04:37:20;194298;7859;18571;7;Oslo;2016-05-16;One Way Model 45;711.39
ORD02463;2016-06-08 22:51:03;6530104;4950;20965;2;Denver;2015-07-09;One Way Model 27;1341.87
ORD02463;2016-06-08 22:51:03;6530104;4950;43827;2;Denver;2015-07-09;Giro Model 13;615.47
ORD02463;2016-06-08 22:51:03;6530104;4950;12695;3;Denver;2015-07-09;Kaestle Model 24;1056.32
ORD02463;2016-06-08 22:51:03;6530104;4950;70713;3;Denver;2015-07-09;Salomon Model 35;842.83
ORD02463;2016-06-08 22:51:03;6530104;4950;18392;8;Denver;2015-07-09;Leki Model 8;1174.18
ORD02463;2016-06-08 22:51:03;6530104;4950;65766;10;Denver;2015-07-09;Leki Model 15;1063.37
ORD02464;2017-07-17 22:48:54;6532123;4950;58984;4;Denver;2015-07-09;Hestra Model 7;1135.1
ORD02464;2017-07-17 22:48:54;6532123;4950;93763;9;Denver;2015-07-09;Smith Model 41;1536.41
ORD02464;2017-07-17 22:48:54;6532123;4950;52107;1;Denver;2015-07-09;Atomic Model 6;3783.25
ORD02464;2017-07-17 22:48:54;6532123;4950;18571;6;Denver;2015-07-09;One Way Model 45;711.39
ORD02464;2017-07-17 22:48:54;6532123;4950;93104;4;Denver;2015-07-09;Nordica Model 12;1417.48
ORD02465;2023-03-22 13:59:10;291459;2149;83969;10;Innsbruck;2018-11-21;One Way Model 9;523.95
ORD02465;2023-03-22 13:59:10;291459;2149;92798;5;Innsbruck;2018-11-21;Burton Model 24;1035.13
ORD02465;2023-03-22 13:59:10;291459;2149;86213;10;Innsbruck;2018-11-21;Outdoor Research Model 8;1446.71
ORD02465;2023-03-22 13:59:10;291459;2149;26371;3;Innsbruck;2018-11-21;Atomic Model 49;862.78
ORD02465;2023-03-22 13:59:10;291459;2149;62921;1;Innsbruck;2018-11-21;Salomon Model 22;1386.25
ORD02465;2023-03-22 13:59:10;291459;2149;46631;1;Innsbruck;2018-11-21;POC Model 32;1506.72
ORD02466;2022-11-09 02:45:25;6291625;2149;42745;5;Innsbruck;2018-11-21;Atomic Model 31;-98233.68
ORD02466;2022-11-09 02:45:25;6291625;2149;70713;5;Innsbruck;2018-11-21;Salomon Model 35;842.83
ORD02466;2022-11-09 02:45:25;6291625;2149;99912;5;Innsbruck;2018-11-21;One Way Model 36;1697.44
ORD02467;2017-04-06 06:38:49;53980;4950;16776;1;Denver;2015-07-09;POC Model 13;-98208.9
ORD02467;2017-04-06 06:38:49;53980;4950;20965;9;Denver;2015-07-09;One Way Model 27;1341.87
ORD02468;2018-10-26 13:59:43;53980;4950;29830;9;Denver;2015-07-09;POC Model 22;865.98
ORD02469;2017-01-06 20:29:23;194298;4950;43827;6;Denver;2015-07-09;Giro Model 13;615.47
ORD02470;2020-12-03 13:55:09;511852;4950;92798;6;Denver;2015-07-09;Burton Model 24;1035.13
ORD02470;2020-12-03 13:55:09;511852;4950;62921;6;Denver;2015-07-09;Salomon Model 22;1386.25
ORD02470;2020-12-03 13:55:09;511852;4950;75733;9;Denver;2015-07-09;One Way Model 22;1303.66
ORD02471;2017-11-29 20:03:49;104468;4950;58925;7;Denver;2015-07-09;One Way Model 11;986.52
ORD02471;2017-11-29 20:03:49;104468;4950;46631;2;Denver;2015-07-09;POC Model 32;1506.72
ORD02471;2017-11-29 20:03:49;104468;4950;12693;8;Denver;2015-07-09;Nordica Model 28;4214.69
ORD02472;2022-11-09 11:55:13;6190176;2149;48467;5;Innsbruck;2018-11-21;Kaestle Model 33;2975.57
ORD02472;2022-11-09 11:55:13;6190176;2149;32399;5;Innsbruck;2018-11-21;One Way Model 8;1773.84
ORD02472;2022-11-09 11:55:13;6190176;2149;42745;3;Innsbruck;2018-11-21;Atomic Model 31;-98233.68
ORD02472;2022-11-09 11:55:13;6190176;2149;44766;8;Innsbruck;2018-11-21;One Way Model 32;1278.19
ORD02472;2022-11-09 11:55:13;6190176;2149;70713;3;Innsbruck;2018-11-21;Salomon Model 35;842.83
ORD02473;2019-12-09 11:56:40;53975;2149;58925;2;Innsbruck;2018-11-21;One Way Model 11;986.52
ORD02473;2019-12-09 11:56:40;53975;2149;16102;10;Innsbruck;2018-11-21;Hestra Model 33;975.38
ORD02473;2019-12-09 11:56:40;53975;2149;20729;6;Innsbruck;2018-11-21;Head Model 2;983.83
ORD02473;2019-12-09 11:56:40;53975;2149;58925;1;Innsbruck;2018-11-21;One Way Model 11;986.52
ORD02473;2019-12-09 11:56:40;53975;2149;20965;2;Innsbruck;2018-11-21;One Way Model 27;1341.87
ORD02474;2020-03-08 06:21:48;54445;4950;18571;2;Denver;2015-07-09;One Way Model 45;711.39
ORD02474;2020-03-08 06:21:48;54445;4950;46631;6;Denver;2015-07-09;POC Model 32;1506.72
ORD02474;2020-03-08 06:21:48;54445;4950;46212;10;Denver;2015-07-09;Burton Model 6;1055.24
ORD02475;2016-08-21 15:47:50;51215;7859;75318;6;Oslo;2016-05-16;One Way Model 2;1568.41
ORD02476;2020-12-08 09:34:50;194298;4950;50764;1;Denver;2015-07-09;Nordica Model 48;2123.09
ORD02476;2020-12-08 09:34:50;194298;4950;83744;7;Denver;2015-07-09;Giro Model 44;1910.69
ORD02476;2020-12-08 09:34:50;194298;4950;13561;4;Denver;2015-07-09;Giro Model 39;1476.62
ORD02476;2020-12-08 09:34:50;194298;4950;16910;4;Denver;2015-07-09;Burton Model 14;1240.69
ORD02476;2020-12-08 09:34:50;194298;4950;99789;8;Denver;2015-07-09;Leki Model 40;1766.8
ORD02476;2020-12-08 09:34:50;194298;4950;42606;9;Denver;2015-07-09;Fischer Model 48;989.81
ORD02477;2018-10-13 01:24:55;512228;7859;69735;8;Oslo;2016-05-16;Burton Model 44;1907.83
ORD02477;2018-10-13 01:24:55;512228;7859;75733;1;Oslo;2016-05-16;One Way Model 22;1303.66
ORD02478;2018-06-28 06:51:22;561255;7859;26371;3;Oslo;2016-05-16;Atomic Model 49;862.78
ORD02478;2018-06-28 06:51:22;561255;7859;42745;3;Oslo;2016-05-16;Atomic Model 31;-98233.68
ORD02478;2018-06-28 06:51:22;561255;7859;45920;8;Oslo;2016-05-16;POC Model 36;773.35
ORD02479;2016-10-26 08:35:36;194364;4950;88069;7;Denver;2015-07-09;Atomic Model 48;3211.28
ORD02479;2016-10-26 08:35:36;194364;4950;83969;8;Denver;2015-07-09;One Way Model 9;523.95
ORD02479;2016-10-26 08:35:36;194364;4950;36309;4;Denver;2015-07-09;Burton Model 32;1389.05
ORD02479;2016-10-26 08:35:36;194364;4950;46631;2;Denver;2015-07-09;POC Model 32;1506.72
ORD02480;2019-08-30 17:42:39;6291625;2149;58925;1;Innsbruck;2018-11-21;One Way Model 11;986.52
ORD02480;2019-08-30 17:42:39;6291625;2149;90038;5;Innsbruck;2018-11-21;Hestra Model 18;1923.33
ORD02480;2019-08-30 17:42:39;6291625;2149;12693;5;Innsbruck;2018-11-21;Nordica Model 28;4214.69
ORD02481;2020-05-24 18:31:08;6190179;4950;76557;7;Denver;2015-07-09;One Way Model 6;811.91
ORD02481;2020-05-24 18:31:08;6190179;4950;92798;1;Denver;2015-07-09;Burton Model 24;1035.13
ORD02481;2020-05-24 18:31:08;6190179;4950;50764;7;Denver;2015-07-09;Nordica Model 48;2123.09
ORD02481;2020-05-24 18:31:08;6190179;4950;13561;2;Denver;2015-07-09;Giro Model 39;1476.62
ORD02481;2020-05-24 18:31:08;6190179;4950;93104;6;Denver;2015-07-09;Nordica Model 12;1417.48
ORD02481;2020-05-24 18:31:08;6190179;4950;54064;7;Denver;2015-07-09;Stoeckli Model 48;1374.7
ORD02482;2024-11-07 00:03:24;422707;2149;43159;2;Innsbruck;2018-11-21;Giro Model 35;1685.26
ORD02483;2017-02-04 19:37:49;422707;7859;69150;3;Oslo;2016-05-16;One Way Model 47;1427.58
ORD02483;2017-02-04 19:37:49;422707;7859;29830;9;Oslo;2016-05-16;POC Model 22;865.98
ORD02483;2017-02-04 19:37:49;422707;7859;45920;2;Oslo;2016-05-16;POC Model 36;773.35
ORD02484;2018-12-09 21:02:11;561310;4950;43827;10;Denver;2015-07-09;Giro Model 13;615.47
ORD02485;2016-01-14 00:20:34;104468;4950;14499;2;Denver;2015-07-09;Smith Model 24;1106.76
ORD02485;2016-01-14 00:20:34;104468;4950;65680;3;Denver;2015-07-09;Hestra Model 19;1521.06
ORD02486;2018-10-28 21:16:04;54445;7859;45920;3;Oslo;2016-05-16;POC Model 36;773.35
ORD02486;2018-10-28 21:16:04;54445;7859;58925;4;Oslo;2016-05-16;One Way Model 11;986.52
ORD02486;2018-10-28 21:16:04;54445;7859;92798;2;Oslo;2016-05-16;Burton Model 24;1035.13
ORD02487;2019-04-21 06:05:08;293006;7859;43159;1;Oslo;2016-05-16;Giro Model 35;1685.26
ORD02487;2019-04-21 06:05:08;293006;7859;88069;7;Oslo;2016-05-16;Atomic Model 48;3211.28
ORD02487;2019-04-21 06:05:08;293006;7859;50764;3;Oslo;2016-05-16;Nordica Model 48;2123.09
ORD02487;2019-04-21 06:05:08;293006;7859;93104;10;Oslo;2016-05-16;Nordica Model 12;1417.48
ORD02488;2023-04-02 20:34:56;930024;4346;39299;4;Zurich;2017-04-03;Stoeckli Model 11;4742.54
ORD02488;2023-04-02 20:34:56;930024;4346;42606;4;Zurich;2017-04-03;Fischer Model 48;989.81
ORD02488;2023-04-02 20:34:56;930024;4346;65766;1;Zurich;2017-04-03;Leki Model 15;1063.37
ORD02488;2023-04-02 20:34:56;930024;4346;75318;9;Zurich;2017-04-03;One Way Model 2;1568.41
ORD02488;2023-04-02 20:34:56;930024;4346;62921;2;Zurich;2017-04-03;Salomon Model 22;1386.25
ORD02488;2023-04-02 20:34:56;930024;4346;69150;7;Zurich;2017-04-03;One Way Model 47;1427.58
ORD02489;2019-04-11 03:52:07;512182;2149;64045;3;Innsbruck;2018-11-21;Rossignol Model 33;1365.36
ORD02489;2019-04-11 03:52:07;512182;2149;12695;4;Innsbruck;2018-11-21;Kaestle Model 24;1056.32
ORD02490;2017-09-03 05:22:21;53975;4346;11802;9;Zurich;2017-04-03;Atomic Model 28;1602.82
ORD02490;2017-09-03 05:22:21;53975;4346;39855;3;Zurich;2017-04-03;Leki Model 9;918.31
ORD02490;2017-09-03 05:22:21;53975;4346;36309;3;Zurich;2017-04-03;Burton Model 32;1389.05
ORD02490;2017-09-03 05:22:21;53975;4346;60993;4;Zurich;2017-04-03;Fischer Model 25;1417.27
ORD02490;2017-09-03 05:22:21;53975;4346;52107;7;Zurich;2017-04-03;Atomic Model 6;3783.25
ORD02490;2017-09-03 05:22:21;53975;4346;80313;9;Zurich;2017-04-03;Kaestle Model 6;2213.06
ORD02491;2023-01-30 18:46:51;422310;2149;42606;8;Innsbruck;2018-11-21;Fischer Model 48;989.81
ORD02492;2016-04-19 08:32:55;501987;4950;14499;9;Denver;2015-07-09;Smith Model 24;1106.76
ORD02493;2018-12-31 03:58:03;104539;2149;90038;2;Innsbruck;2018-11-21;Hestra Model 18;1923.33
ORD02493;2018-12-31 03:58:03;104539;2149;65680;8;Innsbruck;2018-11-21;Hestra Model 19;1521.06
ORD02493;2018-12-31 03:58:03;104539;2149;12200;1;Innsbruck;2018-11-21;Head Model 29;2135.68
ORD02494;2016-11-13 17:20:20;293006;4950;42745;4;Denver;2015-07-09;Atomic Model 31;-98233.68
ORD02494;2016-11-13 17:20:20;293006;4950;76235;1;Denver;2015-07-09;Outdoor Research Model 33;613.02
ORD02494;2016-11-13 17:20:20;293006;4950;60993;9;Denver;2015-07-09;Fischer Model 25;1417.27
ORD02495;2016-11-01 23:31:00;293006;4950;90038;7;Denver;2015-07-09;Hestra Model 18;1923.33
ORD02496;2021-08-07 14:14:40;202762;4950;12695;10;Denver;2015-07-09;Kaestle Model 24;1056.32
ORD02496;2021-08-07 14:14:40;202762;4950;14499;6;Denver;2015-07-09;Smith Model 24;1106.76
ORD02496;2021-08-07 14:14:40;202762;4950;13561;3;Denver;2015-07-09;Giro Model 39;1476.62
ORD02496;2021-08-07 14:14:40;202762;4950;64384;4;Denver;2015-07-09;Kaestle Model 49;2015.66
ORD02497;2017-08-12 22:06:27;6530104;4346;60015;4;Zurich;2017-04-03;Outdoor Research Model 39;1213.06
ORD02497;2017-08-12 22:06:27;6530104;4346;18392;3;Zurich;2017-04-03;Leki Model 8;1174.18
ORD02497;2017-08-12 22:06:27;6530104;4346;28711;8;Zurich;2017-04-03;Nordica Model 29;2712.74
ORD02498;2021-04-12 07:22:37;512182;7859;69150;6;Oslo;2016-05-16;One Way Model 47;1427.58
ORD02499;2019-05-22 05:25:26;511896;4346;90038;3;Zurich;2017-04-03;Hestra Model 18;1923.33
ORD02500;2016-09-21 12:48:34;350095;4950;36736;3;Denver;2015-07-09;Hestra Model 2;1254.02
ORD02501;2017-06-08 05:48:45;104468;4950;64045;8;Denver;2015-07-09;Rossignol Model 33;1365.36
ORD02502;2020-07-14 06:20:52;6190176;2149;70713;10;Innsbruck;2018-11-21;Salomon Model 35;842.83
ORD02502;2020-07-14 06:20:52;6190176;2149;63351;9;Innsbruck;2018-11-21;One Way Model 20;1371.03
ORD02502;2020-07-14 06:20:52;6190176;2149;83969;8;Innsbruck;2018-11-21;One Way Model 9;523.95
ORD02502;2020-07-14 06:20:52;6190176;2149;44766;1;Innsbruck;2018-11-21;One Way Model 32;1278.19
ORD02503;2017-10-02 08:38:12;512408;4346;83744;3;Zurich;2017-04-03;Giro Model 44;1910.69
ORD02503;2017-10-02 08:38:12;512408;4346;45920;1;Zurich;2017-04-03;POC Model 36;773.35
ORD02503;2017-10-02 08:38:12;512408;4346;36736;3;Zurich;2017-04-03;Hestra Model 2;1254.02
ORD02503;2017-10-02 08:38:12;512408;4346;65766;8;Zurich;2017-04-03;Leki Model 15;1063.37
ORD02503;2017-10-02 08:38:12;512408;4346;88069;5;Zurich;2017-04-03;Atomic Model 48;3211.28
ORD02504;2021-05-28 04:07:24;54371;4950;82082;7;Denver;2015-07-09;Smith Model 26;-98731.86
ORD02505;2021-11-09 01:03:29;930024;4346;58925;4;Zurich;2017-04-03;One Way Model 11;986.52
ORD02505;2021-11-09 01:03:29;930024;4346;12695;8;Zurich;2017-04-03;Kaestle Model 24;1056.32
ORD02505;2021-11-09 01:03:29;930024;4346;65766;10;Zurich;2017-04-03;Leki Model 15;1063.37
ORD02505;2021-11-09 01:03:29;930024;4346;99789;9;Zurich;2017-04-03;Leki Model 40;1766.8
ORD02506;2016-12-03 01:50:10;6530104;7859;62921;10;Oslo;2016-05-16;Salomon Model 22;1386.25
ORD02507;2020-08-26 02:19:05;104708;7859;97054;5;Oslo;2016-05-16;Salomon Model 26;1101.68
ORD02507;2020-08-26 02:19:05;104708;7859;54131;6;Oslo;2016-05-16;Smith Model 40;1562.11
ORD02507;2020-08-26 02:19:05;104708;7859;69735;8;Oslo;2016-05-16;Burton Model 44;1907.83
ORD02507;2020-08-26 02:19:05;104708;7859;54131;1;Oslo;2016-05-16;Smith Model 40;1562.11
ORD02507;2020-08-26 02:19:05;104708;7859;65680;3;Oslo;2016-05-16;Hestra Model 19;1521.06
ORD02507;2020-08-26 02:19:05;104708;7859;46212;7;Oslo;2016-05-16;Burton Model 6;1055.24
ORD02508;2017-12-10 16:30:24;934643;7859;45222;8;Oslo;2016-05-16;Stoeckli Model 24;3663.69
ORD02508;2017-12-10 16:30:24;934643;7859;64384;5;Oslo;2016-05-16;Kaestle Model 49;2015.66
ORD02508;2017-12-10 16:30:24;934643;7859;63351;2;Oslo;2016-05-16;One Way Model 20;1371.03
ORD02508;2017-12-10 16:30:24;934643;7859;13748;3;Oslo;2016-05-16;Giro Model 33;679.8
ORD02508;2017-12-10 16:30:24;934643;7859;52107;7;Oslo;2016-05-16;Atomic Model 6;3783.25
ORD02509;2020-02-20 11:33:31;104539;4346;76235;3;Zurich;2017-04-03;Outdoor Research Model 33;613.02
ORD02509;2020-02-20 11:33:31;104539;4346;60015;9;Zurich;2017-04-03;Outdoor Research Model 39;1213.06
ORD02509;2020-02-20 11:33:31;104539;4346;50764;7;Zurich;2017-04-03;Nordica Model 48;2123.09
ORD02509;2020-02-20 11:33:31;104539;4346;16655;10;Zurich;2017-04-03;Stoeckli Model 46;4183.17
ORD02509;2020-02-20 11:33:31;104539;4346;48467;6;Zurich;2017-04-03;Kaestle Model 33;2975.57
ORD02509;2020-02-20 11:33:31;104539;4346;58925;8;Zurich;2017-04-03;One Way Model 11;986.52
ORD02510;2016-05-22 03:36:55;104468;7859;46212;1;Oslo;2016-05-16;Burton Model 6;1055.24
ORD02510;2016-05-22 03:36:55;104468;7859;93763;4;Oslo;2016-05-16;Smith Model 41;1536.41
ORD02510;2016-05-22 03:36:55;104468;7859;12695;10;Oslo;2016-05-16;Kaestle Model 24;1056.32
ORD02510;2016-05-22 03:36:55;104468;7859;29830;2;Oslo;2016-05-16;POC Model 22;865.98
ORD02511;2019-08-19 10:48:48;293006;4950;64384;5;Denver;2015-07-09;Kaestle Model 49;2015.66
ORD02511;2019-08-19 10:48:48;293006;4950;90038;2;Denver;2015-07-09;Hestra Model 18;1923.33
ORD02511;2019-08-19 10:48:48;293006;4950;11802;4;Denver;2015-07-09;Atomic Model 28;1602.82
ORD02512;2018-05-28 03:48:44;202926;4950;26371;5;Denver;2015-07-09;Atomic Model 49;862.78
ORD02513;2020-05-30 03:25:26;54628;2149;82082;6;Innsbruck;2018-11-21;Smith Model 26;-98731.86
ORD02513;2020-05-30 03:25:26;54628;2149;83744;10;Innsbruck;2018-11-21;Giro Model 44;1910.69
ORD02513;2020-05-30 03:25:26;54628;2149;39855;2;Innsbruck;2018-11-21;Leki Model 9;918.31
ORD02514;2020-05-15 09:36:57;54371;2149;44766;10;Innsbruck;2018-11-21;One Way Model 32;1278.19
ORD02514;2020-05-15 09:36:57;54371;2149;16776;7;Innsbruck;2018-11-21;POC Model 13;-98208.9
ORD02514;2020-05-15 09:36:57;54371;2149;69150;4;Innsbruck;2018-11-21;One Way Model 47;1427.58
ORD02514;2020-05-15 09:36:57;54371;2149;58984;9;Innsbruck;2018-11-21;Hestra Model 7;1135.1
ORD02514;2020-05-15 09:36:57;54371;2149;90356;4;Innsbruck;2018-11-21;Burton Model 23;1406.63
ORD02515;2017-06-09 04:36:40;6291625;4346;70713;2;Zurich;2017-04-03;Salomon Model 35;842.83
ORD02515;2017-06-09 04:36:40;6291625;4346;39299;7;Zurich;2017-04-03;Stoeckli Model 11;4742.54
ORD02515;2017-06-09 04:36:40;6291625;4346;39855;3;Zurich;2017-04-03;Leki Model 9;918.31
ORD02515;2017-06-09 04:36:40;6291625;4346;36309;2;Zurich;2017-04-03;Burton Model 32;1389.05
ORD02515;2017-06-09 04:36:40;6291625;4346;12693;3;Zurich;2017-04-03;Nordica Model 28;4214.69
ORD02515;2017-06-09 04:36:40;6291625;4346;82082;5;Zurich;2017-04-03;Smith Model 26;-98731.86
ORD02516;2019-09-08 00:27:23;6530319;4950;19692;2;Denver;2015-07-09;One Way Model 18;1662.7
ORD02516;2019-09-08 00:27:23;6530319;4950;45920;4;Denver;2015-07-09;POC Model 36;773.35
ORD02516;2019-09-08 00:27:23;6530319;4950;39855;1;Denver;2015-07-09;Leki Model 9;918.31
ORD02516;2019-09-08 00:27:23;6530319;4950;20965;10;Denver;2015-07-09;One Way Model 27;1341.87
ORD02517;2022-06-20 04:16:36;934643;2149;13748;6;Innsbruck;2018-11-21;Giro Model 33;679.8
ORD02517;2022-06-20 04:16:36;934643;2149;12695;5;Innsbruck;2018-11-21;Kaestle Model 24;1056.32
ORD02517;2022-06-20 04:16:36;934643;2149;45920;6;Innsbruck;2018-11-21;POC Model 36;773.35
ORD02517;2022-06-20 04:16:36;934643;2149;52107;6;Innsbruck;2018-11-21;Atomic Model 6;3783.25
ORD02517;2022-06-20 04:16:36;934643;2149;13561;6;Innsbruck;2018-11-21;Giro Model 39;1476.62
ORD02518;2021-07-24 23:19:40;194167;2149;82082;10;Innsbruck;2018-11-21;Smith Model 26;-98731.86
ORD02518;2021-07-24 23:19:40;194167;2149;76557;6;Innsbruck;2018-11-21;One Way Model 6;811.91
ORD02518;2021-07-24 23:19:40;194167;2149;18571;3;Innsbruck;2018-11-21;One Way Model 45;711.39
ORD02518;2021-07-24 23:19:40;194167;2149;12695;10;Innsbruck;2018-11-21;Kaestle Model 24;1056.32
ORD02519;2017-11-18 05:54:57;561310;4950;16655;1;Denver;2015-07-09;Stoeckli Model 46;4183.17
ORD02519;2017-11-18 05:54:57;561310;4950;64045;8;Denver;2015-07-09;Rossignol Model 33;1365.36
ORD02519;2017-11-18 05:54:57;561310;4950;45222;9;Denver;2015-07-09;Stoeckli Model 24;3663.69
ORD02519;2017-11-18 05:54:57;561310;4950;39855;5;Denver;2015-07-09;Leki Model 9;918.31
ORD02520;2024-04-13 14:46:03;511896;2149;76803;3;Innsbruck;2018-11-21;Leki Model 3;1789.91
ORD02520;2024-04-13 14:46:03;511896;2149;11802;9;Innsbruck;2018-11-21;Atomic Model 28;1602.82
ORD02520;2024-04-13 14:46:03;511896;2149;88069;4;Innsbruck;2018-11-21;Atomic Model 48;3211.28
ORD02520;2024-04-13 14:46:03;511896;2149;52107;1;Innsbruck;2018-11-21;Atomic Model 6;3783.25
ORD02521;2019-07-21 18:37:02;6292783;4346;54064;5;Zurich;2017-04-03;Stoeckli Model 48;1374.7
ORD02522;2021-02-28 10:02:53;6291053;9342;33483;10;Milan;2025-01-01;Nordica Model 7;1414.99
ORD02522;2021-02-28 10:02:53;6291053;9342;83744;5;Milan;2025-01-01;Giro Model 44;1910.69
ORD02522;2021-02-28 10:02:53;6291053;9342;65766;2;Milan;2025-01-01;Leki Model 15;1063.37
ORD02522;2021-02-28 10:02:53;6291053;9342;65680;8;Milan;2025-01-01;Hestra Model 19;1521.06
ORD02522;2021-02-28 10:02:53;6291053;9342;16776;8;Milan;2025-01-01;POC Model 13;-98208.9
ORD02522;2021-02-28 10:02:53;6291053;9342;43827;9;Milan;2025-01-01;Giro Model 13;615.47
ORD02523;2019-03-13 07:06:29;6532123;2149;76803;3;Innsbruck;2018-11-21;Leki Model 3;1789.91
ORD02523;2019-03-13 07:06:29;6532123;2149;46212;4;Innsbruck;2018-11-21;Burton Model 6;1055.24
ORD02524;2021-07-23 12:39:07;934643;4346;35658;9;Zurich;2017-04-03;Hestra Model 42;570.0
ORD02525;2019-06-13 13:13:03;422278;4346;43827;6;Zurich;2017-04-03;Giro Model 13;615.47
ORD02525;2019-06-13 13:13:03;422278;4346;16655;3;Zurich;2017-04-03;Stoeckli Model 46;4183.17
ORD02525;2019-06-13 13:13:03;422278;4346;88069;3;Zurich;2017-04-03;Atomic Model 48;3211.28
ORD02526;2021-01-13 01:44:18;6190687;4950;92798;2;Denver;2015-07-09;Burton Model 24;1035.13
ORD02526;2021-01-13 01:44:18;6190687;4950;36736;1;Denver;2015-07-09;Hestra Model 2;1254.02
ORD02526;2021-01-13 01:44:18;6190687;4950;54262;10;Denver;2015-07-09;Leki Model 33;908.2
ORD02526;2021-01-13 01:44:18;6190687;4950;92798;6;Denver;2015-07-09;Burton Model 24;1035.13
ORD02526;2021-01-13 01:44:18;6190687;4950;29830;2;Denver;2015-07-09;POC Model 22;865.98
ORD02527;2022-04-13 01:38:02;512038;7859;90038;7;Oslo;2016-05-16;Hestra Model 18;1923.33
ORD02527;2022-04-13 01:38:02;512038;7859;80313;8;Oslo;2016-05-16;Kaestle Model 6;2213.06
ORD02527;2022-04-13 01:38:02;512038;7859;12200;6;Oslo;2016-05-16;Head Model 29;2135.68
ORD02527;2022-04-13 01:38:02;512038;7859;39299;7;Oslo;2016-05-16;Stoeckli Model 11;4742.54
ORD02527;2022-04-13 01:38:02;512038;7859;46212;1;Oslo;2016-05-16;Burton Model 6;1055.24
ORD02528;2021-07-07 18:52:18;6190179;9342;48467;9;Milan;2025-01-01;Kaestle Model 33;2975.57
ORD02528;2021-07-07 18:52:18;6190179;9342;32299;1;Milan;2025-01-01;Smith Model 2;1436.53
ORD02528;2021-07-07 18:52:18;6190179;9342;12200;7;Milan;2025-01-01;Head Model 29;2135.68
ORD02528;2021-07-07 18:52:18;6190179;9342;12693;10;Milan;2025-01-01;Nordica Model 28;4214.69
ORD02528;2021-07-07 18:52:18;6190179;9342;33483;4;Milan;2025-01-01;Nordica Model 7;1414.99
ORD02529;2018-04-15 20:23:14;6190176;4950;18392;4;Denver;2015-07-09;Leki Model 8;1174.18
ORD02529;2018-04-15 20:23:14;6190176;4950;62921;7;Denver;2015-07-09;Salomon Model 22;1386.25
ORD02530;2018-09-12 23:33:10;151238;7859;65766;1;Oslo;2016-05-16;Leki Model 15;1063.37
ORD02530;2018-09-12 23:33:10;151238;7859;48467;1;Oslo;2016-05-16;Kaestle Model 33;2975.57
ORD02530;2018-09-12 23:33:10;151238;7859;16910;2;Oslo;2016-05-16;Burton Model 14;1240.69
ORD02530;2018-09-12 23:33:10;151238;7859;64384;1;Oslo;2016-05-16;Kaestle Model 49;2015.66
ORD02530;2018-09-12 23:33:10;151238;7859;26371;8;Oslo;2016-05-16;Atomic Model 49;862.78
ORD02530;2018-09-12 23:33:10;151238;7859;65680;6;Oslo;2016-05-16;Hestra Model 19;1521.06
ORD02531;2017-05-06 10:56:00;194858;4950;12695;9;Denver;2015-07-09;Kaestle Model 24;1056.32
ORD02531;2017-05-06 10:56:00;194858;4950;97054;2;Denver;2015-07-09;Salomon Model 26;1101.68
ORD02531;2017-05-06 10:56:00;194858;4950;75733;4;Denver;2015-07-09;One Way Model 22;1303.66
ORD02531;2017-05-06 10:56:00;194858;4950;99789;3;Denver;2015-07-09;Leki Model 40;1766.8
ORD02531;2017-05-06 10:56:00;194858;4950;19692;3;Denver;2015-07-09;One Way Model 18;1662.7
ORD02532;2018-07-17 00:59:26;53980;4346;12200;10;Zurich;2017-04-03;Head Model 29;2135.68
ORD02532;2018-07-17 00:59:26;53980;4346;93763;7;Zurich;2017-04-03;Smith Model 41;1536.41
ORD02532;2018-07-17 00:59:26;53980;4346;13561;5;Zurich;2017-04-03;Giro Model 39;1476.62
ORD02532;2018-07-17 00:59:26;53980;4346;58925;8;Zurich;2017-04-03;One Way Model 11;986.52
ORD02533;2016-09-11 08:20:19;6530319;4950;76557;5;Denver;2015-07-09;One Way Model 6;811.91
ORD02534;2020-07-19 15:38:27;512408;7859;65680;3;Oslo;2016-05-16;Hestra Model 19;1521.06
ORD02534;2020-07-19 15:38:27;512408;7859;93763;2;Oslo;2016-05-16;Smith Model 41;1536.41
ORD02534;2020-07-19 15:38:27;512408;7859;80313;3;Oslo;2016-05-16;Kaestle Model 6;2213.06
ORD02534;2020-07-19 15:38:27;512408;7859;20729;9;Oslo;2016-05-16;Head Model 2;983.83
ORD02534;2020-07-19 15:38:27;512408;7859;19692;2;Oslo;2016-05-16;One Way Model 18;1662.7
ORD02535;2017-04-17 08:37:10;6531520;4950;63351;8;Denver;2015-07-09;One Way Model 20;1371.03
ORD02535;2017-04-17 08:37:10;6531520;4950;52107;2;Denver;2015-07-09;Atomic Model 6;3783.25
ORD02536;2020-02-18 05:43:43;194298;4346;13561;8;Zurich;2017-04-03;Giro Model 39;1476.62
ORD02536;2020-02-18 05:43:43;194298;4346;63351;6;Zurich;2017-04-03;One Way Model 20;1371.03
ORD02536;2020-02-18 05:43:43;194298;4346;46212;4;Zurich;2017-04-03;Burton Model 6;1055.24
ORD02536;2020-02-18 05:43:43;194298;4346;13561;3;Zurich;2017-04-03;Giro Model 39;1476.62
ORD02537;2023-01-03 09:52:43;6292783;4346;93763;5;Zurich;2017-04-03;Smith Model 41;1536.41
ORD02537;2023-01-03 09:52:43;6292783;4346;99912;5;Zurich;2017-04-03;One Way Model 36;1697.44
ORD02537;2023-01-03 09:52:43;6292783;4346;20965;2;Zurich;2017-04-03;One Way Model 27;1341.87
ORD02537;2023-01-03 09:52:43;6292783;4346;42606;10;Zurich;2017-04-03;Fischer Model 48;989.81
ORD02537;2023-01-03 09:52:43;6292783;4346;16776;9;Zurich;2017-04-03;POC Model 13;-98208.9
ORD02537;2023-01-03 09:52:43;6292783;4346;69735;6;Zurich;2017-04-03;Burton Model 44;1907.83
ORD02538;2019-09-03 23:28:42;151238;4346;18110;4;Zurich;2017-04-03;Giro Model 14;1773.37
ORD02538;2019-09-03 23:28:42;151238;4346;29830;10;Zurich;2017-04-03;POC Model 22;865.98
ORD02538;2019-09-03 23:28:42;151238;4346;46212;4;Zurich;2017-04-03;Burton Model 6;1055.24
ORD02538;2019-09-03 23:28:42;151238;4346;60015;1;Zurich;2017-04-03;Outdoor Research Model 39;1213.06
ORD02538;2019-09-03 23:28:42;151238;4346;32399;6;Zurich;2017-04-03;One Way Model 8;1773.84
ORD02538;2019-09-03 23:28:42;151238;4346;39299;10;Zurich;2017-04-03;Stoeckli Model 11;4742.54
ORD02539;2023-07-15 04:05:06;930024;2149;18110;1;Innsbruck;2018-11-21;Giro Model 14;1773.37
ORD02539;2023-07-15 04:05:06;930024;2149;12200;10;Innsbruck;2018-11-21;Head Model 29;2135.68
ORD02539;2023-07-15 04:05:06;930024;2149;76803;4;Innsbruck;2018-11-21;Leki Model 3;1789.91
ORD02539;2023-07-15 04:05:06;930024;2149;48467;5;Innsbruck;2018-11-21;Kaestle Model 33;2975.57
ORD02539;2023-07-15 04:05:06;930024;2149;62921;7;Innsbruck;2018-11-21;Salomon Model 22;1386.25
ORD02539;2023-07-15 04:05:06;930024;2149;39855;9;Innsbruck;2018-11-21;Leki Model 9;918.31
ORD02540;2022-12-09 12:21:58;6532084;2149;93104;8;Innsbruck;2018-11-21;Nordica Model 12;1417.48
ORD02541;2024-12-03 01:33:27;6530104;2149;62921;7;Innsbruck;2018-11-21;Salomon Model 22;1386.25
ORD02542;2019-12-20 07:08:54;512038;4950;35658;8;Denver;2015-07-09;Hestra Model 42;570.0
ORD02542;2019-12-20 07:08:54;512038;4950;26371;6;Denver;2015-07-09;Atomic Model 49;862.78
ORD02542;2019-12-20 07:08:54;512038;4950;18571;10;Denver;2015-07-09;One Way Model 45;711.39
ORD02542;2019-12-20 07:08:54;512038;4950;20729;10;Denver;2015-07-09;Head Model 2;983.83
ORD02543;2021-02-18 12:18:10;512038;4346;62921;5;Zurich;2017-04-03;Salomon Model 22;1386.25
ORD02544;2020-12-23 10:00:48;930024;4950;93763;4;Denver;2015-07-09;Smith Model 41;1536.41
ORD02544;2020-12-23 10:00:48;930024;4950;63351;9;Denver;2015-07-09;One Way Model 20;1371.03
ORD02544;2020-12-23 10:00:48;930024;4950;93763;9;Denver;2015-07-09;Smith Model 41;1536.41
ORD02544;2020-12-23 10:00:48;930024;4950;82082;2;Denver;2015-07-09;Smith Model 26;-98731.86
ORD02545;2021-12-28 19:51:40;6292783;7859;16655;8;Oslo;2016-05-16;Stoeckli Model 46;4183.17
ORD02545;2021-12-28 19:51:40;6292783;7859;63351;1;Oslo;2016-05-16;One Way Model 20;1371.03
ORD02546;2022-01-07 20:45:04;202926;7859;69150;6;Oslo;2016-05-16;One Way Model 47;1427.58
ORD02546;2022-01-07 20:45:04;202926;7859;64045;6;Oslo;2016-05-16;Rossignol Model 33;1365.36
ORD02546;2022-01-07 20:45:04;202926;7859;64045;2;Oslo;2016-05-16;Rossignol Model 33;1365.36
ORD02547;2021-03-08 02:29:05;54481;7859;90038;1;Oslo;2016-05-16;Hestra Model 18;1923.33
ORD02547;2021-03-08 02:29:05;54481;7859;16655;2;Oslo;2016-05-16;Stoeckli Model 46;4183.17
ORD02547;2021-03-08 02:29:05;54481;7859;45920;6;Oslo;2016-05-16;POC Model 36;773.35
ORD02547;2021-03-08 02:29:05;54481;7859;65680;4;Oslo;2016-05-16;Hestra Model 19;1521.06
ORD02547;2021-03-08 02:29:05;54481;7859;11802;8;Oslo;2016-05-16;Atomic Model 28;1602.82
ORD02548;2022-08-07 10:36:24;512038;2149;58984;3;Innsbruck;2018-11-21;Hestra Model 7;1135.1
ORD02548;2022-08-07 10:36:24;512038;2149;12200;6;Innsbruck;2018-11-21;Head Model 29;2135.68
ORD02548;2022-08-07 10:36:24;512038;2149;16910;6;Innsbruck;2018-11-21;Burton Model 14;1240.69
ORD02548;2022-08-07 10:36:24;512038;2149;93104;3;Innsbruck;2018-11-21;Nordica Model 12;1417.48
ORD02548;2022-08-07 10:36:24;512038;2149;90356;2;Innsbruck;2018-11-21;Burton Model 23;1406.63
ORD02548;2022-08-07 10:36:24;512038;2149;18571;5;Innsbruck;2018-11-21;One Way Model 45;711.39
ORD02549;2016-05-23 03:46:29;203096;7859;46212;7;Oslo;2016-05-16;Burton Model 6;1055.24
ORD02549;2016-05-23 03:46:29;203096;7859;54064;4;Oslo;2016-05-16;Stoeckli Model 48;1374.7
ORD02549;2016-05-23 03:46:29;203096;7859;75733;9;Oslo;2016-05-16;One Way Model 22;1303.66
ORD02549;2016-05-23 03:46:29;203096;7859;44766;10;Oslo;2016-05-16;One Way Model 32;1278.19
ORD02549;2016-05-23 03:46:29;203096;7859;13748;5;Oslo;2016-05-16;Giro Model 33;679.8
ORD02550;2021-08-04 20:23:41;512228;4950;28711;7;Denver;2015-07-09;Nordica Model 29;2712.74
ORD02550;2021-08-04 20:23:41;512228;4950;88069;6;Denver;2015-07-09;Atomic Model 48;3211.28
ORD02551;2023-06-24 12:09:35;194858;2149;83969;6;Innsbruck;2018-11-21;One Way Model 9;523.95
ORD02551;2023-06-24 12:09:35;194858;2149;97054;2;Innsbruck;2018-11-21;Salomon Model 26;1101.68
ORD02551;2023-06-24 12:09:35;194858;2149;86820;9;Innsbruck;2018-11-21;Leki Model 39;1168.75
ORD02551;2023-06-24 12:09:35;194858;2149;20729;1;Innsbruck;2018-11-21;Head Model 2;983.83
ORD02551;2023-06-24 12:09:35;194858;2149;76235;4;Innsbruck;2018-11-21;Outdoor Research Model 33;613.02
ORD02552;2016-04-07 12:51:28;104539;4950;39299;2;Denver;2015-07-09;Stoeckli Model 11;4742.54
ORD02552;2016-04-07 12:51:28;104539;4950;16102;1;Denver;2015-07-09;Hestra Model 33;975.38
ORD02552;2016-04-07 12:51:28;104539;4950;86820;10;Denver;2015-07-09;Leki Model 39;1168.75
ORD02552;2016-04-07 12:51:28;104539;4950;16910;4;Denver;2015-07-09;Burton Model 14;1240.69
ORD02552;2016-04-07 12:51:28;104539;4950;33483;9;Denver;2015-07-09;Nordica Model 7;1414.99
ORD02552;2016-04-07 12:51:28;104539;4950;35658;10;Denver;2015-07-09;Hestra Model 42;570.0
ORD02553;2022-02-08 08:28:03;512408;4346;42745;8;Zurich;2017-04-03;Atomic Model 31;-98233.68
ORD02553;2022-02-08 08:28:03;512408;4346;39855;5;Zurich;2017-04-03;Leki Model 9;918.31
ORD02553;2022-02-08 08:28:03;512408;4346;65766;10;Zurich;2017-04-03;Leki Model 15;1063.37
ORD02553;2022-02-08 08:28:03;512408;4346;12695;7;Zurich;2017-04-03;Kaestle Model 24;1056.32
ORD02553;2022-02-08 08:28:03;512408;4346;93763;7;Zurich;2017-04-03;Smith Model 41;1536.41
ORD02553;2022-02-08 08:28:03;512408;4346;20729;10;Zurich;2017-04-03;Head Model 2;983.83
ORD02554;2015-09-30 14:49:51;54005;4950;90038;9;Denver;2015-07-09;Hestra Model 18;1923.33
ORD02554;2015-09-30 14:49:51;54005;4950;12695;7;Denver;2015-07-09;Kaestle Model 24;1056.32
ORD02555;2016-10-25 03:57:14;54481;4950;44766;1;Denver;2015-07-09;One Way Model 32;1278.19
ORD02556;2018-12-30 03:33:28;930024;2149;20965;8;Innsbruck;2018-11-21;One Way Model 27;1341.87
ORD02556;2018-12-30 03:33:28;930024;2149;93104;3;Innsbruck;2018-11-21;Nordica Model 12;1417.48
ORD02556;2018-12-30 03:33:28;930024;2149;54262;9;Innsbruck;2018-11-21;Leki Model 33;908.2
ORD02557;2018-01-06 12:04:30;54005;4346;39299;9;Zurich;2017-04-03;Stoeckli Model 11;4742.54
ORD02557;2018-01-06 12:04:30;54005;4346;48467;9;Zurich;2017-04-03;Kaestle Model 33;2975.57
ORD02557;2018-01-06 12:04:30;54005;4346;29830;6;Zurich;2017-04-03;POC Model 22;865.98
ORD02557;2018-01-06 12:04:30;54005;4346;46631;5;Zurich;2017-04-03;POC Model 32;1506.72
ORD02557;2018-01-06 12:04:30;54005;4346;48467;10;Zurich;2017-04-03;Kaestle Model 33;2975.57
ORD02558;2016-06-14 14:03:27;54628;4950;65766;6;Denver;2015-07-09;Leki Model 15;1063.37
ORD02558;2016-06-14 14:03:27;54628;4950;13748;9;Denver;2015-07-09;Giro Model 33;679.8
ORD02558;2016-06-14 14:03:27;54628;4950;42745;7;Denver;2015-07-09;Atomic Model 31;-98233.68
ORD02559;2018-10-01 15:26:50;350097;7859;80313;9;Oslo;2016-05-16;Kaestle Model 6;2213.06
ORD02559;2018-10-01 15:26:50;350097;7859;93763;6;Oslo;2016-05-16;Smith Model 41;1536.41
ORD02559;2018-10-01 15:26:50;350097;7859;75318;8;Oslo;2016-05-16;One Way Model 2;1568.41
ORD02559;2018-10-01 15:26:50;350097;7859;18392;5;Oslo;2016-05-16;Leki Model 8;1174.18
ORD02559;2018-10-01 15:26:50;350097;7859;63351;5;Oslo;2016-05-16;One Way Model 20;1371.03
ORD02559;2018-10-01 15:26:50;350097;7859;88069;1;Oslo;2016-05-16;Atomic Model 48;3211.28
ORD02560;2024-07-31 01:08:16;104537;2149;45920;10;Innsbruck;2018-11-21;POC Model 36;773.35
ORD02560;2024-07-31 01:08:16;104537;2149;18571;4;Innsbruck;2018-11-21;One Way Model 45;711.39
ORD02561;2020-01-22 20:36:37;930024;4950;46212;9;Denver;2015-07-09;Burton Model 6;1055.24
ORD02562;2021-05-03 23:01:39;422278;2149;99789;7;Innsbruck;2018-11-21;Leki Model 40;1766.8
ORD02563;2021-08-23 22:57:38;53980;2149;48467;1;Innsbruck;2018-11-21;Kaestle Model 33;2975.57
ORD02564;2022-03-06 12:05:05;104531;7859;14499;5;Oslo;2016-05-16;Smith Model 24;1106.76
ORD02565;2021-11-24 15:46:44;512408;2149;12200;1;Innsbruck;2018-11-21;Head Model 29;2135.68
ORD02566;2021-07-18 03:17:48;54628;4346;22688;4;Zurich;2017-04-03;Smith Model 38;1051.67
ORD02566;2021-07-18 03:17:48;54628;4346;16776;8;Zurich;2017-04-03;POC Model 13;-98208.9
ORD02567;2018-03-20 22:03:23;512471;7859;54064;3;Oslo;2016-05-16;Stoeckli Model 48;1374.7
ORD02567;2018-03-20 22:03:23;512471;7859;69150;9;Oslo;2016-05-16;One Way Model 47;1427.58
ORD02567;2018-03-20 22:03:23;512471;7859;70713;8;Oslo;2016-05-16;Salomon Model 35;842.83
ORD02567;2018-03-20 22:03:23;512471;7859;46212;5;Oslo;2016-05-16;Burton Model 6;1055.24
ORD02567;2018-03-20 22:03:23;512471;7859;97054;6;Oslo;2016-05-16;Salomon Model 26;1101.68
ORD02567;2018-03-20 22:03:23;512471;7859;19692;3;Oslo;2016-05-16;One Way Model 18;1662.7
ORD02568;2022-12-11 19:30:03;151238;2149;75733;7;Innsbruck;2018-11-21;One Way Model 22;1303.66
ORD02568;2022-12-11 19:30:03;151238;2149;54131;8;Innsbruck;2018-11-21;Smith Model 40;1562.11
ORD02568;2022-12-11 19:30:03;151238;2149;18392;3;Innsbruck;2018-11-21;Leki Model 8;1174.18
ORD02569;2018-04-12 02:49:15;934643;4346;39855;2;Zurich;2017-04-03;Leki Model 9;918.31
ORD02569;2018-04-12 02:49:15;934643;4346;88069;1;Zurich;2017-04-03;Atomic Model 48;3211.28
ORD02569;2018-04-12 02:49:15;934643;4346;76557;5;Zurich;2017-04-03;One Way Model 6;811.91
ORD02569;2018-04-12 02:49:15;934643;4346;16655;5;Zurich;2017-04-03;Stoeckli Model 46;4183.17
ORD02569;2018-04-12 02:49:15;934643;4346;97054;1;Zurich;2017-04-03;Salomon Model 26;1101.68
ORD02569;2018-04-12 02:49:15;934643;4346;69150;1;Zurich;2017-04-03;One Way Model 47;1427.58
ORD02570;2023-03-08 23:58:32;512228;4346;64045;2;Zurich;2017-04-03;Rossignol Model 33;1365.36
ORD02570;2023-03-08 23:58:32;512228;4346;12695;6;Zurich;2017-04-03;Kaestle Model 24;1056.32
ORD02570;2023-03-08 23:58:32;512228;4346;42745;2;Zurich;2017-04-03;Atomic Model 31;-98233.68
ORD02570;2023-03-08 23:58:32;512228;4346;93763;7;Zurich;2017-04-03;Smith Model 41;1536.41
ORD02570;2023-03-08 23:58:32;512228;4346;16102;1;Zurich;2017-04-03;Hestra Model 33;975.38
ORD02570;2023-03-08 23:58:32;512228;4346;19692;4;Zurich;2017-04-03;One Way Model 18;1662.7
ORD02571;2020-12-19 19:28:23;202762;2149;50764;10;Innsbruck;2018-11-21;Nordica Model 48;2123.09
ORD02571;2020-12-19 19:28:23;202762;2149;48467;8;Innsbruck;2018-11-21;Kaestle Model 33;2975.57
ORD02571;2020-12-19 19:28:23;202762;2149;64045;10;Innsbruck;2018-11-21;Rossignol Model 33;1365.36
ORD02571;2020-12-19 19:28:23;202762;2149;18571;2;Innsbruck;2018-11-21;One Way Model 45;711.39
ORD02571;2020-12-19 19:28:23;202762;2149;69150;10;Innsbruck;2018-11-21;One Way Model 47;1427.58
ORD02572;2019-08-08 08:48:26;6293445;4950;70713;7;Denver;2015-07-09;Salomon Model 35;842.83
ORD02572;2019-08-08 08:48:26;6293445;4950;69735;10;Denver;2015-07-09;Burton Model 44;1907.83
ORD02572;2019-08-08 08:48:26;6293445;4950;16776;2;Denver;2015-07-09;POC Model 13;-98208.9
ORD02572;2019-08-08 08:48:26;6293445;4950;20965;10;Denver;2015-07-09;One Way Model 27;1341.87
ORD02572;2019-08-08 08:48:26;6293445;4950;64384;6;Denver;2015-07-09;Kaestle Model 49;2015.66
ORD02573;2018-03-15 14:37:19;30488;7859;65680;6;Oslo;2016-05-16;Hestra Model 19;1521.06
ORD02573;2018-03-15 14:37:19;30488;7859;43159;3;Oslo;2016-05-16;Giro Model 35;1685.26
ORD02573;2018-03-15 14:37:19;30488;7859;28711;5;Oslo;2016-05-16;Nordica Model 29;2712.74
ORD02574;2019-07-17 14:26:09;51215;7859;60993;1;Oslo;2016-05-16;Fischer Model 25;1417.27
ORD02574;2019-07-17 14:26:09;51215;7859;11802;6;Oslo;2016-05-16;Atomic Model 28;1602.82
ORD02574;2019-07-17 14:26:09;51215;7859;54064;4;Oslo;2016-05-16;Stoeckli Model 48;1374.7
ORD02575;2020-01-07 03:00:18;422310;2149;16910;9;Innsbruck;2018-11-21;Burton Model 14;1240.69
ORD02575;2020-01-07 03:00:18;422310;2149;33483;5;Innsbruck;2018-11-21;Nordica Model 7;1414.99
ORD02576;2020-06-02 20:58:55;51215;2149;18392;4;Innsbruck;2018-11-21;Leki Model 8;1174.18
ORD02576;2020-06-02 20:58:55;51215;2149;43827;9;Innsbruck;2018-11-21;Giro Model 13;615.47
ORD02576;2020-06-02 20:58:55;51215;2149;60015;1;Innsbruck;2018-11-21;Outdoor Research Model 39;1213.06
ORD02577;2020-01-28 16:08:35;6291625;4346;86820;10;Zurich;2017-04-03;Leki Model 39;1168.75
ORD02577;2020-01-28 16:08:35;6291625;4346;13748;9;Zurich;2017-04-03;Giro Model 33;679.8
ORD02577;2020-01-28 16:08:35;6291625;4346;82082;10;Zurich;2017-04-03;Smith Model 26;-98731.86
ORD02577;2020-01-28 16:08:35;6291625;4346;12693;6;Zurich;2017-04-03;Nordica Model 28;4214.69
ORD02578;2022-03-26 21:49:34;194364;4346;18110;4;Zurich;2017-04-03;Giro Model 14;1773.37
ORD02578;2022-03-26 21:49:34;194364;4346;60993;10;Zurich;2017-04-03;Fischer Model 25;1417.27
ORD02579;2019-01-02 08:41:49;104468;2149;36736;7;Innsbruck;2018-11-21;Hestra Model 2;1254.02
ORD02579;2019-01-02 08:41:49;104468;2149;45222;4;Innsbruck;2018-11-21;Stoeckli Model 24;3663.69
ORD02579;2019-01-02 08:41:49;104468;2149;93763;1;Innsbruck;2018-11-21;Smith Model 41;1536.41
ORD02579;2019-01-02 08:41:49;104468;2149;42745;2;Innsbruck;2018-11-21;Atomic Model 31;-98233.68
ORD02580;2022-07-20 00:10:15;54371;2149;11802;7;Innsbruck;2018-11-21;Atomic Model 28;1602.82
ORD02580;2022-07-20 00:10:15;54371;2149;33483;2;Innsbruck;2018-11-21;Nordica Model 7;1414.99
ORD02581;2024-05-06 05:00:54;422278;2149;90038;3;Innsbruck;2018-11-21;Hestra Model 18;1923.33
ORD02581;2024-05-06 05:00:54;422278;2149;60993;6;Innsbruck;2018-11-21;Fischer Model 25;1417.27
ORD02581;2024-05-06 05:00:54;422278;2149;75318;1;Innsbruck;2018-11-21;One Way Model 2;1568.41
ORD02582;2020-03-21 04:08:17;512228;4950;12869;5;Denver;2015-07-09;Fischer Model 35;1477.94
ORD02583;2017-05-13 05:57:39;54371;7859;13748;2;Oslo;2016-05-16;Giro Model 33;679.8
ORD02583;2017-05-13 05:57:39;54371;7859;44766;2;Oslo;2016-05-16;One Way Model 32;1278.19
ORD02584;2019-09-26 03:21:06;51215;7859;86213;6;Oslo;2016-05-16;Outdoor Research Model 8;1446.71
ORD02584;2019-09-26 03:21:06;51215;7859;16102;1;Oslo;2016-05-16;Hestra Model 33;975.38
ORD02584;2019-09-26 03:21:06;51215;7859;12200;3;Oslo;2016-05-16;Head Model 29;2135.68
ORD02585;2020-11-08 05:20:47;194858;7859;90356;5;Oslo;2016-05-16;Burton Model 23;1406.63
ORD02586;2022-12-01 17:06:02;194364;4346;93763;4;Zurich;2017-04-03;Smith Model 41;1536.41
ORD02586;2022-12-01 17:06:02;194364;4346;16776;4;Zurich;2017-04-03;POC Model 13;-98208.9
ORD02586;2022-12-01 17:06:02;194364;4346;42745;1;Zurich;2017-04-03;Atomic Model 31;-98233.68
ORD02586;2022-12-01 17:06:02;194364;4346;16102;8;Zurich;2017-04-03;Hestra Model 33;975.38
ORD02587;2017-02-16 19:23:24;54005;7859;12200;7;Oslo;2016-05-16;Head Model 29;2135.68
ORD02588;2018-10-21 09:57:38;54481;4950;86213;9;Denver;2015-07-09;Outdoor Research Model 8;1446.71
ORD02588;2018-10-21 09:57:38;54481;4950;69150;3;Denver;2015-07-09;One Way Model 47;1427.58
ORD02589;2019-02-15 16:11:22;194167;2149;76235;9;Innsbruck;2018-11-21;Outdoor Research Model 33;613.02
ORD02589;2019-02-15 16:11:22;194167;2149;60993;5;Innsbruck;2018-11-21;Fischer Model 25;1417.27
ORD02589;2019-02-15 16:11:22;194167;2149;19692;4;Innsbruck;2018-11-21;One Way Model 18;1662.7
ORD02589;2019-02-15 16:11:22;194167;2149;45222;1;Innsbruck;2018-11-21;Stoeckli Model 24;3663.69
ORD02589;2019-02-15 16:11:22;194167;2149;28711;5;Innsbruck;2018-11-21;Nordica Model 29;2712.74
ORD02589;2019-02-15 16:11:22;194167;2149;69150;2;Innsbruck;2018-11-21;One Way Model 47;1427.58
ORD02590;2018-12-31 10:31:41;6190179;4346;80313;10;Zurich;2017-04-03;Kaestle Model 6;2213.06
ORD02591;2016-09-07 03:33:08;930024;7859;60015;7;Oslo;2016-05-16;Outdoor Research Model 39;1213.06
ORD02591;2016-09-07 03:33:08;930024;7859;93763;6;Oslo;2016-05-16;Smith Model 41;1536.41
ORD02591;2016-09-07 03:33:08;930024;7859;12695;6;Oslo;2016-05-16;Kaestle Model 24;1056.32
ORD02591;2016-09-07 03:33:08;930024;7859;99789;8;Oslo;2016-05-16;Leki Model 40;1766.8
ORD02592;2018-12-09 02:09:39;54371;2149;93763;10;Innsbruck;2018-11-21;Smith Model 41;1536.41
ORD02593;2021-01-09 18:12:53;6530104;4346;86820;2;Zurich;2017-04-03;Leki Model 39;1168.75
ORD02593;2021-01-09 18:12:53;6530104;4346;11802;1;Zurich;2017-04-03;Atomic Model 28;1602.82
ORD02594;2020-01-24 16:02:06;512408;7859;32399;1;Oslo;2016-05-16;One Way Model 8;1773.84
ORD02594;2020-01-24 16:02:06;512408;7859;39299;1;Oslo;2016-05-16;Stoeckli Model 11;4742.54
ORD02594;2020-01-24 16:02:06;512408;7859;64045;1;Oslo;2016-05-16;Rossignol Model 33;1365.36
ORD02594;2020-01-24 16:02:06;512408;7859;22688;9;Oslo;2016-05-16;Smith Model 38;1051.67
ORD02594;2020-01-24 16:02:06;512408;7859;69735;5;Oslo;2016-05-16;Burton Model 44;1907.83
ORD02595;2022-09-24 15:24:53;6291053;2149;60015;9;Innsbruck;2018-11-21;Outdoor Research Model 39;1213.06
ORD02595;2022-09-24 15:24:53;6291053;2149;12869;1;Innsbruck;2018-11-21;Fischer Model 35;1477.94
ORD02596;2021-01-19 18:53:40;51215;4346;20729;3;Zurich;2017-04-03;Head Model 2;983.83
ORD02597;2020-01-23 14:02:10;194873;2149;39299;9;Innsbruck;2018-11-21;Stoeckli Model 11;4742.54
ORD02598;2021-07-24 03:14:27;104708;7859;48467;1;Oslo;2016-05-16;Kaestle Model 33;2975.57
ORD02598;2021-07-24 03:14:27;104708;7859;52107;2;Oslo;2016-05-16;Atomic Model 6;3783.25
ORD02599;2017-10-29 09:28:02;6190687;7859;69735;6;Oslo;2016-05-16;Burton Model 44;1907.83
ORD02599;2017-10-29 09:28:02;6190687;7859;80313;8;Oslo;2016-05-16;Kaestle Model 6;2213.06
ORD02599;2017-10-29 09:28:02;6190687;7859;54064;7;Oslo;2016-05-16;Stoeckli Model 48;1374.7
ORD02599;2017-10-29 09:28:02;6190687;7859;64045;4;Oslo;2016-05-16;Rossignol Model 33;1365.36
ORD02599;2017-10-29 09:28:02;6190687;7859;29830;4;Oslo;2016-05-16;POC Model 22;865.98
ORD02600;2024-10-03 10:01:48;54445;2149;83969;2;Innsbruck;2018-11-21;One Way Model 9;523.95
ORD02600;2024-10-03 10:01:48;54445;2149;86213;8;Innsbruck;2018-11-21;Outdoor Research Model 8;1446.71
ORD02600;2024-10-03 10:01:48;54445;2149;11802;9;Innsbruck;2018-11-21;Atomic Model 28;1602.82
ORD02601;2016-03-14 04:47:44;6532084;4950;64045;7;Denver;2015-07-09;Rossignol Model 33;1365.36
ORD02602;2019-10-02 11:28:58;561255;7859;20729;9;Oslo;2016-05-16;Head Model 2;983.83
ORD02603;2018-03-25 02:20:25;53980;4950;13748;10;Denver;2015-07-09;Giro Model 33;679.8
ORD02603;2018-03-25 02:20:25;53980;4950;64045;10;Denver;2015-07-09;Rossignol Model 33;1365.36
ORD02603;2018-03-25 02:20:25;53980;4950;65766;10;Denver;2015-07-09;Leki Model 15;1063.37
ORD02603;2018-03-25 02:20:25;53980;4950;86213;6;Denver;2015-07-09;Outdoor Research Model 8;1446.71
ORD02603;2018-03-25 02:20:25;53980;4950;92798;8;Denver;2015-07-09;Burton Model 24;1035.13
ORD02604;2021-07-02 01:29:29;194858;2149;65766;10;Innsbruck;2018-11-21;Leki Model 15;1063.37
ORD02604;2021-07-02 01:29:29;194858;2149;75733;1;Innsbruck;2018-11-21;One Way Model 22;1303.66
ORD02604;2021-07-02 01:29:29;194858;2149;54131;2;Innsbruck;2018-11-21;Smith Model 40;1562.11
ORD02604;2021-07-02 01:29:29;194858;2149;76557;3;Innsbruck;2018-11-21;One Way Model 6;811.91
ORD02604;2021-07-02 01:29:29;194858;2149;45222;2;Innsbruck;2018-11-21;Stoeckli Model 24;3663.69
ORD02605;2017-11-27 02:37:02;202926;4346;86213;1;Zurich;2017-04-03;Outdoor Research Model 8;1446.71
ORD02606;2018-01-16 03:06:21;104272;4950;99912;7;Denver;2015-07-09;One Way Model 36;1697.44
ORD02606;2018-01-16 03:06:21;104272;4950;39299;4;Denver;2015-07-09;Stoeckli Model 11;4742.54
ORD02607;2016-01-28 00:27:07;54445;4950;86820;5;Denver;2015-07-09;Leki Model 39;1168.75
ORD02607;2016-01-28 00:27:07;54445;4950;50764;6;Denver;2015-07-09;Nordica Model 48;2123.09
ORD02607;2016-01-28 00:27:07;54445;4950;46631;5;Denver;2015-07-09;POC Model 32;1506.72
ORD02607;2016-01-28 00:27:07;54445;4950;16776;5;Denver;2015-07-09;POC Model 13;-98208.9
ORD02607;2016-01-28 00:27:07;54445;4950;29830;8;Denver;2015-07-09;POC Model 22;865.98
ORD02608;2019-10-08 23:45:58;6531444;7859;90356;7;Oslo;2016-05-16;Burton Model 23;1406.63
ORD02608;2019-10-08 23:45:58;6531444;7859;62921;6;Oslo;2016-05-16;Salomon Model 22;1386.25
ORD02608;2019-10-08 23:45:58;6531444;7859;58984;2;Oslo;2016-05-16;Hestra Model 7;1135.1
ORD02608;2019-10-08 23:45:58;6531444;7859;90038;1;Oslo;2016-05-16;Hestra Model 18;1923.33
ORD02608;2019-10-08 23:45:58;6531444;7859;63351;6;Oslo;2016-05-16;One Way Model 20;1371.03
ORD02608;2019-10-08 23:45:58;6531444;7859;11802;4;Oslo;2016-05-16;Atomic Model 28;1602.82
ORD02609;2018-07-27 09:02:44;30488;4950;16776;1;Denver;2015-07-09;POC Model 13;-98208.9
ORD02609;2018-07-27 09:02:44;30488;4950;16776;4;Denver;2015-07-09;POC Model 13;-98208.9
ORD02609;2018-07-27 09:02:44;30488;4950;16655;5;Denver;2015-07-09;Stoeckli Model 46;4183.17
ORD02609;2018-07-27 09:02:44;30488;4950;63351;5;Denver;2015-07-09;One Way Model 20;1371.03
ORD02609;2018-07-27 09:02:44;30488;4950;16776;6;Denver;2015-07-09;POC Model 13;-98208.9
ORD02610;2021-09-18 22:14:42;6292783;7859;32399;3;Oslo;2016-05-16;One Way Model 8;1773.84
ORD02610;2021-09-18 22:14:42;6292783;7859;69735;5;Oslo;2016-05-16;Burton Model 44;1907.83
ORD02610;2021-09-18 22:14:42;6292783;7859;33483;3;Oslo;2016-05-16;Nordica Model 7;1414.99
ORD02610;2021-09-18 22:14:42;6292783;7859;18110;4;Oslo;2016-05-16;Giro Model 14;1773.37
ORD02611;2024-09-11 10:24:19;30488;2149;11802;3;Innsbruck;2018-11-21;Atomic Model 28;1602.82
ORD02611;2024-09-11 10:24:19;30488;2149;20965;2;Innsbruck;2018-11-21;One Way Model 27;1341.87
ORD02612;2017-12-25 18:20:11;422707;4950;26371;4;Denver;2015-07-09;Atomic Model 49;862.78
ORD02612;2017-12-25 18:20:11;422707;4950;36309;4;Denver;2015-07-09;Burton Model 32;1389.05
ORD02612;2017-12-25 18:20:11;422707;4950;64384;9;Denver;2015-07-09;Kaestle Model 49;2015.66
ORD02613;2023-03-30 21:17:55;6291053;2149;16655;5;Innsbruck;2018-11-21;Stoeckli Model 46;4183.17
ORD02613;2023-03-30 21:17:55;6291053;2149;75733;5;Innsbruck;2018-11-21;One Way Model 22;1303.66
ORD02613;2023-03-30 21:17:55;6291053;2149;65680;9;Innsbruck;2018-11-21;Hestra Model 19;1521.06
ORD02614;2019-10-07 18:00:06;202762;4346;93104;1;Zurich;2017-04-03;Nordica Model 12;1417.48
ORD02614;2019-10-07 18:00:06;202762;4346;99789;8;Zurich;2017-04-03;Leki Model 40;1766.8
ORD02615;2015-10-09 13:13:49;51215;4950;43159;2;Denver;2015-07-09;Giro Model 35;1685.26
ORD02615;2015-10-09 13:13:49;51215;4950;58925;7;Denver;2015-07-09;One Way Model 11;986.52
ORD02615;2015-10-09 13:13:49;51215;4950;54064;8;Denver;2015-07-09;Stoeckli Model 48;1374.7
ORD02615;2015-10-09 13:13:49;51215;4950;43159;6;Denver;2015-07-09;Giro Model 35;1685.26
ORD02615;2015-10-09 13:13:49;51215;4950;69735;8;Denver;2015-07-09;Burton Model 44;1907.83
ORD02615;2015-10-09 13:13:49;51215;4950;19692;2;Denver;2015-07-09;One Way Model 18;1662.7
ORD02616;2021-08-30 07:43:39;202926;4346;22688;6;Zurich;2017-04-03;Smith Model 38;1051.67
ORD02616;2021-08-30 07:43:39;202926;4346;43159;8;Zurich;2017-04-03;Giro Model 35;1685.26
ORD02617;2018-02-14 19:51:54;6190179;7859;92798;7;Oslo;2016-05-16;Burton Model 24;1035.13
ORD02618;2022-03-09 22:23:08;930024;2149;16776;3;Innsbruck;2018-11-21;POC Model 13;-98208.9
ORD02618;2022-03-09 22:23:08;930024;2149;44766;10;Innsbruck;2018-11-21;One Way Model 32;1278.19
ORD02618;2022-03-09 22:23:08;930024;2149;48467;8;Innsbruck;2018-11-21;Kaestle Model 33;2975.57
ORD02619;2020-01-18 11:48:16;422310;4950;83744;10;Denver;2015-07-09;Giro Model 44;1910.69
ORD02619;2020-01-18 11:48:16;422310;4950;90356;3;Denver;2015-07-09;Burton Model 23;1406.63
ORD02619;2020-01-18 11:48:16;422310;4950;45920;2;Denver;2015-07-09;POC Model 36;773.35
ORD02619;2020-01-18 11:48:16;422310;4950;26371;7;Denver;2015-07-09;Atomic Model 49;862.78
ORD02619;2020-01-18 11:48:16;422310;4950;32399;2;Denver;2015-07-09;One Way Model 8;1773.84
ORD02620;2021-05-14 19:14:36;6190176;2149;69735;5;Innsbruck;2018-11-21;Burton Model 44;1907.83
ORD02620;2021-05-14 19:14:36;6190176;2149;36736;8;Innsbruck;2018-11-21;Hestra Model 2;1254.02
ORD02621;2015-10-26 07:28:29;104468;4950;12869;10;Denver;2015-07-09;Fischer Model 35;1477.94
ORD02621;2015-10-26 07:28:29;104468;4950;75318;1;Denver;2015-07-09;One Way Model 2;1568.41
ORD02621;2015-10-26 07:28:29;104468;4950;13748;4;Denver;2015-07-09;Giro Model 33;679.8
ORD02622;2020-02-06 05:23:55;51215;7859;18392;2;Oslo;2016-05-16;Leki Model 8;1174.18
ORD02622;2020-02-06 05:23:55;51215;7859;32299;7;Oslo;2016-05-16;Smith Model 2;1436.53
ORD02622;2020-02-06 05:23:55;51215;7859;45920;5;Oslo;2016-05-16;POC Model 36;773.35
ORD02622;2020-02-06 05:23:55;51215;7859;83744;6;Oslo;2016-05-16;Giro Model 44;1910.69
ORD02623;2021-09-10 02:43:47;501987;7859;29830;7;Oslo;2016-05-16;POC Model 22;865.98
ORD02623;2021-09-10 02:43:47;501987;7859;18571;1;Oslo;2016-05-16;One Way Model 45;711.39
ORD02623;2021-09-10 02:43:47;501987;7859;48467;7;Oslo;2016-05-16;Kaestle Model 33;2975.57
ORD02623;2021-09-10 02:43:47;501987;7859;39299;8;Oslo;2016-05-16;Stoeckli Model 11;4742.54
ORD02623;2021-09-10 02:43:47;501987;7859;83969;6;Oslo;2016-05-16;One Way Model 9;523.95
ORD02623;2021-09-10 02:43:47;501987;7859;19692;9;Oslo;2016-05-16;One Way Model 18;1662.7
ORD02624;2018-12-07 16:14:41;104708;7859;99789;7;Oslo;2016-05-16;Leki Model 40;1766.8
ORD02624;2018-12-07 16:14:41;104708;7859;75318;1;Oslo;2016-05-16;One Way Model 2;1568.41
ORD02624;2018-12-07 16:14:41;104708;7859;12693;9;Oslo;2016-05-16;Nordica Model 28;4214.69
ORD02624;2018-12-07 16:14:41;104708;7859;36736;4;Oslo;2016-05-16;Hestra Model 2;1254.02
ORD02625;2019-05-26 12:15:08;512182;7859;50764;6;Oslo;2016-05-16;Nordica Model 48;2123.09
ORD02625;2019-05-26 12:15:08;512182;7859;29830;7;Oslo;2016-05-16;POC Model 22;865.98
ORD02625;2019-05-26 12:15:08;512182;7859;11802;2;Oslo;2016-05-16;Atomic Model 28;1602.82
ORD02625;2019-05-26 12:15:08;512182;7859;92798;7;Oslo;2016-05-16;Burton Model 24;1035.13
ORD02625;2019-05-26 12:15:08;512182;7859;75318;4;Oslo;2016-05-16;One Way Model 2;1568.41
ORD02626;2024-03-06 12:16:48;53975;2149;69150;3;Innsbruck;2018-11-21;One Way Model 47;1427.58
